@Misc{business-insider,
   author={Business Insider},
   title={The 15 most popular programming languages, according to the 'Facebook for programmers'},
   note={\url{http://www.businessinsider.com/the-9-most-popular-programming-languages-according-to-the-facebook-for-programmers-2017-10}}
}

@Misc{stackify,
   author={Stackify},
   title={Most Popular and Influential Programming Languages of 2018},
   note={\url{https://stackify.com/popular-programming-languages-2018/}}
}

@Misc{kangax,
   author={Kangax},
   title={ECMAScript6 compatibility},
   note={\url{http://kangax.github.io/compat-table/es6/}}
}


@Misc{es6-features,
   author={},
   title={ECMAScript6 New Features},
   note={\url{http://es6-features.org}}
}







@article{maddox-2015-acmqueue,
 author = {Maddox, Philip},
 title = {Testing a Distributed System},
 journal = {Queue},
 issue_date = {July 2015},
 volume = {13},
 number = {7},
 month = jul,
 year = {2015},
 issn = {1542-7730},
 pages = {10:10--10:15},
 articleno = {10},
 numpages = {6},
 url = {http://doi.acm.org/10.1145/2800695.2800697},
 doi = {10.1145/2800695.2800697},
 acmid = {2800697},
 publisher = {ACM},
 address = {New York, NY, USA},
} 


@inproceedings{scott-etal-nsdi2015,
 author = {C. Scott and A. Panda and V. Brajkovic and G. Necula and A.
   Krishnamurthy and S. Shenker},
 title = {Minimizing Faulty Executions of Distributed Systems},
 series = {NSDI '16},
 year = {2016}
}

@inproceedings{lauterburg-etal-fse2010,
 author = {Lauterburg, Steven and Karmani, Rajesh K. and Marinov, Darko and Agha, Gul},
 title = {Basset: A Tool for Systematic Testing of Actor Programs},
 booktitle = {FSE},
 series = {FSE '10},
 year = {2010},
 isbn = {978-1-60558-791-2},
 location = {Santa Fe, New Mexico, USA},
 pages = {363--364},
 numpages = {2},
 url = {http://doi.acm.org/10.1145/1882291.1882349},
 doi = {10.1145/1882291.1882349},
 acmid = {1882349},
 publisher = {ACM},
 address = {New York, NY, USA},
 keywords = {actors, jpf, scala, state-space exploration},
} 


@inproceedings{mattern-virtual-time89,
    author = "Friedemann Mattern",
    editor = "Cosnard M. et al.",
    title = "Virtual Time and Global States of Distributed Systems",
    booktitle = "Proc. Workshop on Parallel and Distributed Algorithms",
    year = "1989",
    pages = "215--226",
    address = "North-Holland / Elsevier",
    note = {(Reprinted in: Z. Yang, T.A. Marsland (Eds.), "Global States and Time in Distributed Systems", IEEE, 1994, pp. 123-133.)}
}

@article{nie-leung-acm-surveys2011,
 author = {Nie, Changhai and Leung, Hareton},
 title = {A Survey of Combinatorial Testing},
 journal = {ACM Comput. Surv.},
 issue_date = {January 2011},
 volume = {43},
 number = {2},
 month = feb,
 year = {2011},
 issn = {0360-0300},
 pages = {11:1--11:29},
 articleno = {11},
 numpages = {29},
 url = {http://doi.acm.org/10.1145/1883612.1883618},
 doi = {10.1145/1883612.1883618},
 acmid = {1883618},
 publisher = {ACM},
 address = {New York, NY, USA},
 keywords = {Software testing, combinatorial testing (CT), covering array, test case generation},
} 

@article{souto-damorim-jss2017,
 author = {Sabrina Souto and Marcelo d'Amorim},
 title = {Time-Space Efficient Regression Testing for Configurable Software},
 journal = {Journal of Systems and Software},
 note = {To Appear}
}

@inproceedings{souto-etal-icse2017,
  author    = {Sabrina Souto and
               Marcelo d'Amorim and
               Rohit Gheyi},
  title     = {Balancing soundness and efficiency for practical testing of configurable
               systems},
  booktitle = {ICSE},
  pages     = {632--642},
  year      = {2017},
  url       = {https://doi.org/10.1109/ICSE.2017.64},
  doi       = {10.1109/ICSE.2017.64},
  timestamp = {Thu, 07 Sep 2017 09:27:12 +0200},
  biburl    = {http://dblp.uni-trier.de/rec/bib/conf/icse/SoutodG17},
  bibsource = {dblp computer science bibliography, http://dblp.org}
}

@inproceedings{souto-etal-splc2015,
  author    = {Sabrina Souto and
               Divya Gopinath and
               Marcelo d'Amorim and
               Darko Marinov and
               Sarfraz Khurshid and
               Don S. Batory},
  title     = {Faster bug detection for software product lines with incomplete feature
               models},
  booktitle = {Proceedings of the 19th International Conference on Software Product
               Line, {SPLC} 2015, Nashville, TN, USA, July 20-24, 2015},
  pages     = {151--160},
  year      = {2015},
  url       = {http://doi.acm.org/10.1145/2791060.2791093},
  doi       = {10.1145/2791060.2791093},
  timestamp = {Fri, 14 Aug 2015 10:03:25 +0200},
  biburl    = {http://dblp.uni-trier.de/rec/bib/conf/splc/SoutoGdMKB15},
  bibsource = {dblp computer science bibliography, http://dblp.org}
}

@inproceedings{kim-etal-fse2013,
  author    = {Chang Hwan Peter Kim and
               Darko Marinov and
               Sarfraz Khurshid and
               Don S. Batory and
               Sabrina Souto and
               Paulo Barros and
               Marcelo d'Amorim},
  title     = {SPLat: lightweight dynamic analysis for reducing combinatorics in
               testing configurable systems},
  booktitle = {FSE},
  pages     = {257--267},
  year      = {2013},
  url       = {http://doi.acm.org/10.1145/2491411.2491459},
  doi       = {10.1145/2491411.2491459},
  timestamp = {Sat, 31 Aug 2013 17:43:06 +0200},
  biburl    = {http://dblp.uni-trier.de/rec/bib/conf/sigsoft/KimMKBSBd13},
  bibsource = {dblp computer science bibliography, http://dblp.org}
}

@inproceedings{killian-etal-nsdi07,
 author = {Killian, Charles and Anderson, James W. and Jhala, Ranjit and Vahdat, Amin},
 title = {Life, Death, and the Critical Transition: Finding Liveness Bugs in Systems Code},
 booktitle = {NSDI},
 series = {NSDI'07},
 year = {2007},
 location = {Cambridge, MA},
 pages = {18--18},
 numpages = {1},
 url = {http://dl.acm.org/citation.cfm?id=1973430.1973448},
 acmid = {1973448},
 publisher = {USENIX Association},
 address = {Berkeley, CA, USA},
} 


@inproceedings{yang-etal-nsdi09,
 author = {Yang, Junfeng and Chen, Tisheng and Wu, Ming and Xu, Zhilei and Liu, Xuezheng and Lin, Haoxiang and Yang, Mao and Long, Fan and Zhang, Lintao and Zhou, Lidong},
 title = {MODIST: Transparent Model Checking of Unmodified Distributed Systems},
 booktitle = {Proceedings of the 6th USENIX Symposium on Networked Systems Design and Implementation},
 series = {NSDI'09},
 year = {2009},
 location = {Boston, Massachusetts},
 pages = {213--228},
 numpages = {16},
 url = {http://dl.acm.org/citation.cfm?id=1558977.1558992},
 acmid = {1558992},
 publisher = {USENIX Association},
 address = {Berkeley, CA, USA},
} 


@inproceedings{d3s-debugging-deployed-distributed-systems,
author = {Liu, Xuezheng and Guo, Zhenyu and Wang, Xi and Chen, Feibo and Lian, Xiaochen and Tang, Jian and Wu, Ming and Kaashoek, M. Frans and Zhang, Zheng},
title = {D3S: Debugging Deployed Distributed Systems},
booktitle = {},
year = {2008},
month = {February},
publisher = {NSDI},
url = {https://www.microsoft.com/en-us/research/publication/d3s-debugging-deployed-distributed-systems/},
address = {},
pages = {},
journal = {},
volume = {},
chapter = {},
isbn = {},
}

@inproceedings {geels-usenix2007,
author = {Dennis Geels and Gautam Altekar and Petros Maniatis and Timothy Roscoe and Ion Stoica},
title = {Friday: Global Comprehension for Distributed Replay },
booktitle = {NSDI},
year = {2007},
address = {Cambridge, MA},
url = {https://www.usenix.org/conference/nsdi-07/friday-global-comprehension-distributed-replay},
publisher = {{USENIX} Association},
}

@inproceedings{xu-etal-slam10,
 author = {Xu, Wei and Huang, Ling and Fox, Armando and Patterson, David and Jordan, Michael},
 title = {{Experience Mining Google's Production Console Logs}},
 booktitle = {Proceedings of the 2010 Workshop on Managing Systems via Log Analysis and Machine Learning Techniques},
 series = {SLAML'10},
 year = {2010},
 location = {Vancouver, BC, Canada},
 pages = {5--5},
 numpages = {1},
 url = {http://dl.acm.org/citation.cfm?id=1928991.1928999},
 acmid = {1928999},
 publisher = {USENIX Association},
 address = {Berkeley, CA, USA},
} 

@inproceedings {corbett-etal-osdi2012,
author = {James C. Corbett and Jeffrey Dean and Michael Epstein and Andrew Fikes and Christopher Frost and JJ Furman and Sanjay Ghemawat and Andrey Gubarev and Christopher Heiser and Peter Hochschild and Wilson Hsieh and Sebastian Kanthak and Eugene Kogan and Hongyi Li and Alexander Lloyd and Sergey Melnik and David Mwaura and David Nagle and Sean Quinlan and Rajesh Rao and Lindsay Rolig and Yasushi Saito and Michal Szymaniak and Christopher Taylor and Ruth Wang and Dale Woodford},
title = {Spanner: Google{\textquoteright}s Globally-Distributed Database},
booktitle = {OSDI},
year = {2012},
isbn = {978-1-931971-96-6},
address = {Hollywood, CA},
pages = {261--264},
url = {https://www.usenix.org/conference/osdi12/technical-sessions/presentation/corbett},
publisher = {{USENIX} Association},
}

@article{wang-etal-sigops2013,
 author = {Wang, Chengwel and Kavulya, Soila P. and Tan, Jiaqi and Hu, Liting and Kutare, Mahendra and Kasick, Mike and Schwan, Karsten and Narasimhan, Priya and Gandhi, Rajeev},
 title = {Performance Troubleshooting in Data Centers: An Annotated Bibliography?},
 journal = {SIGOPS Oper. Syst. Rev.},
 issue_date = {December 2013},
 volume = {47},
 number = {3},
 month = nov,
 year = {2013},
 issn = {0163-5980},
 pages = {50--62},
 numpages = {13},
 url = {http://doi.acm.org/10.1145/2553070.2553079},
 doi = {10.1145/2553070.2553079},
 acmid = {2553079},
 publisher = {ACM},
 address = {New York, NY, USA},
} 

@inproceedings {weiss-etal-ase2017,
author = {Aaron Weiss and Arjun Guha and Yuriy Brun},
title = {Tortoise: Interactive System Configuration Repair},
booktitle = {Automated Software Engineering},
year = {2017},
address = {Urbana, IL}
}

@inproceedings{yin-etal-sosp2011,
 author = {Yin, Zuoning and Ma, Xiao and Zheng, Jing and Zhou, Yuanyuan and Bairavasundaram, Lakshmi N. and Pasupathy, Shankar},
 title = {An Empirical Study on Configuration Errors in Commercial and Open Source Systems},
 booktitle = {Proceedings of the Twenty-Third ACM Symposium on Operating Systems Principles},
 series = {SOSP '11},
 year = {2011},
 isbn = {978-1-4503-0977-6},
 location = {Cascais, Portugal},
 pages = {159--172},
 numpages = {14},
 url = {http://doi.acm.org/10.1145/2043556.2043572},
 doi = {10.1145/2043556.2043572},
 acmid = {2043572},
 publisher = {ACM},
 address = {New York, NY, USA},
 keywords = {characteristic study, misconfigurations},
} 

@inproceedings {mace-etal-usenix2016,
author = {Jonathan Mace and Ryan Roelke and Rodrigo Fonseca},
title = {Pivot Tracing: Dynamic Causal Monitoring for Distributed Systems},
booktitle = {USENIX},
year = {2016},
address = {Denver, CO},
url = {https://www.usenix.org/conference/atc16/technical-sessions/presentation/mace},
publisher = {{USENIX} Association},
}

@Misc{open-networking,
   author={Open Networking Foundation},
   title={ONF OpenFlow website},
   note={\url{https://www.opennetworking.org/}}
}

@Misc{spring-cloud,
   author={Spring},
   title={Spring Cloud},
   note={\url{http://cloud.spring.io}}
}

@Misc{spring-cloud-config,
   author={Spring},
   title={Spring Cloud Config},
   note={\url{http://cloud.spring.io/spring-cloud-config/}}
}

@Misc{apache-zookeeper,
   author={Apache},
   title={Apache Zookeeper},
   note={\url{https://zookeeper.apache.org/}}
}



@Misc{docker,
   author={},
   title={Docker},
   note={\url{https://www.docker.com/}}
}

@Misc{iotivity-overview,
   author={Open Connectivity Foundation (OCF)},
   title={IoTivity Architecture Overview},
   note={\url{https://www.iotivity.org/documentation/architecture-overview}}
}

@Misc{pamela-zave-feature-interaction,
   author={Pamela Zave},
   title={About Feature Interaction.},
   note={\url{http://www.research.att.com/people/Zave_Pamela/custom/fi.html}}
}

@inproceedings{beschastnikh-etal-icse2014,
  author = {Beschastnikh, Ivan and Brun, Yuriy and Ernst, Michael D. and Krishnamurthy, Arvind},
  title = {Inferring Models of Concurrent Systems from Logs of Their Behavior with CSight},
  booktitle = {ICSE},
  year = {2014},
  pages = {468--479},
}

@book{Alpaydin:2010:IML:1734076,
 author = {Alpaydin, Ethem},
  title = {Introduction to Machine Learning},
   year = {2010},
    isbn = {026201243X, 9780262012430},
     edition = {2nd},
      publisher = {The MIT Press},
      }
      

@article{BeschastnikhWBE2016,
   author = {Ivan Beschastnikh and Patty Wang and Yuriy Brun and Michael Ernst},
   title = {Debugging distributed systems: Challenges and options for validation and debugging},
   journal = {ACM Queue},
   volume = {14},
   number = {2},
   pages = {91-110},
   month = {March/April},
   year = {2016}
}


@techreport{sambasian-etal-techreport2014,
title = {So, you want to trace your distributed system? Key design insights from years of practical experience},
author  = {Sambasivan, R.R. and Fonseca, R. and Shafer, I. and Ganger, G},
year  = 2014,
URL = {http://www.pdl.cmu.edu/PDL-FTP/SelfStar/CMU-PDL-14-102.pdf},
institution = {Carnegie Mellon University}
}
   

@techreport{dapper-google-tr2010,
title = {Dapper, a Large-Scale Distributed Systems Tracing Infrastructure},
author  = {Benjamin H. Sigelman and Luiz André Barroso and Mike Burrows and Pat Stephenson and Manoj Plakal and Donald Beaver and Saul Jaspan and Chandan Shanbhag},
year  = 2010,
URL = {http://research.google.com/archive/papers/dapper-2010-1.pdf},
institution = {Google, Inc.}
}

@inproceedings{jin-orso-icse2012,
 author = {Jin, Wei and Orso, Alessandro},
 title = {BugRedux: Reproducing Field Failures for In-house Debugging},
 booktitle = {ICSE},
 year = {2012},
 pages = {474--484},
}

@Misc{shiviz-web,
   author={},
   title={ShiViz},
   note={\url{http://bestchai.bitbucket.org/shiviz/}}
}


@Misc{matt-welsh-blog,
   author={Matt Welsh},
   title={Volatile and Decentralized},
   note={\url{http://matt-welsh.blogspot.com/2013/05/
what-i-wish-systems-researchers-would.html}}
}

@Misc{azure-error,
   author={},
   title={Configuration error brings down the Azure cloud platform.},
   note={\url{http://www.evolven.com/blog/configuration-error-brings-down-the-azure-cloud-platform.html}}
}

@Misc{facebook-error,
   author={Robert Johnson},
   title={ More details on today’s outage.},
   note={\url{https://www.facebook.com/notes/facebook-engineering/more-details-on-todaysoutage/431441338919}}
}

@Misc{dns-misconfiguration,
   author={},
   title={DNS misconfiguration.},
   note={\url{http://www.circleid.com/posts/misconfiguration_brings_down_entire_se_domain_in_sweden}}
}

@Misc{firefox-web,
  author	= {{Firefox Web browser}},
  title		= {},
  note		= {\url{http://hg.mozilla.org}}
}

@Misc{jgit,
  author	= {{JGit}},
  title		= {Java library implementing the Git version control system.},
  note		= {\url{https://eclipse.org/jgit/}}
}

@Misc{linux-kernel-web,
  author	= {{Linux kernel}},
  title		= {},
  note		= {\url{http://www.kernel.org}}
}

@Misc{gcc-web,
  author	= {{GCC} compiler infrastructure},
  title		= {},
  note		= {\url{http://gcc.gnu.org}}
}

@Misc{groupon-web,
  author	= {{Groupon}},
  title		= {A global e-commerce marketplace},
  note		= {\url{http://groupon.com}}
}

@inproceedings{zhang-ernst-icse2014,
author = {Zhang, Sai and Ernst, Michael D.},
 title = {{W}hich {C}onfiguration {O}ption {S}hould {I} {C}hange?},
 booktitle = {Proceedings of the 36th International Conference on Software Engineering},
 series = {ICSE 2014},
 year = {2014},
 pages = {152--163}
} 


@inproceedings{zhang-ernst-icse2013,
author = {Zhang, Sai and Ernst, Michael D.},
 title = {{A}utomated {D}iagnosis of {S}oftware {C}onfiguration {E}rrors},
 booktitle = {ICSE},
 year = {2013},
 pages = {312--321}
}

@inproceedings{cohen:issta07,
 author = {Cohen, Myra B. and Dwyer, Matthew B. and Shi, Jiangfan},
 title = {Interaction testing of highly-configurable systems in the presence of constraints},
 booktitle = {ISSTA},
 year = {2007},
 pages = {129--139}
 }


@inproceedings{emine-etal-issta2011,
 author = {Dumlu, Emine and Yilmaz, Cemal and Cohen, Myra B. and Porter, Adam},
 title = {Feedback driven adaptive combinatorial testing},
 booktitle = {ISSTA},
 year = {2011},
 isbn = {978-1-4503-0562-4},
 pages = {243--253},
 numpages = {11},
}


@inproceedings{cohen-etal-icse2003,
 author = {Cohen, Myra B. and Gibbons, Peter B. and Mugridge, Warwick B. and Colbourn, Charles J.},
 title = {Constructing test suites for interaction testing},
 booktitle = {ICSE},
 year = {2003},
 pages = {38--48},
}


@inproceedings{cohen-shmuelur-icse2010,
  author    = {Myra B. Cohen and
               Shmuel Ur},
  title     = {Combinatorial test design in practice},
  booktitle = {ICSE},
  year      = {2010},
  pages     = {495-496}
}


@inproceedings{medeiros-etal-icse2016,
 author = {Fl\'avio Medeiros and Christian K\"astner and M�rcio Ribeiro and Rohit Gheyi and Sven Apel},
 title = {A Comparison of 10 Sampling Algorithms for Configurable Systems},
 booktitle = {ICSE},
 year = {2016},
 pages = {XXX--YYY}
}

@inproceedings{ribeiro-etal-icse2014,
 author = {Ribeiro, M\'{a}rcio and Borba, Paulo and K\"{a}stner, Christian},
 title = {Feature Maintenance with Emergent Interfaces},
 booktitle = {ICSE},
 year = {2014},
 pages = {989--1000}
}

@inproceedings{kenner-etal-fosd-2010,
 author = {Kenner, Andy and K\"{a}stner, Christian and Haase, Steffen and Leich, Thomas},
 title = {TypeChef: Toward Type Checking \#Ifdef Variability in C},
 booktitle = {FOSD},
 year = {2010},
 pages = {25--32}
}

@InProceedings{spllift,
  author = 	 {Eric Bodden and Mira Mezini and Claus Brabrand and T\'arsis Tol\^edo and M\'arcio Ribeiro and Paulo Borba},
  title = 	 {{SPLlift} - Transparent and Efficient Reuse of {IFDS}-based Static Program Analyses for Software Product Lines},
  booktitle = {PLDI},
  year = 	 {2013}
}

@inproceedings{brabrand-2012,
 author = {Brabrand, Claus and Ribeiro, M\'{a}rcio and Tol\^{e}do, T\'{a}rsis and Borba, Paulo},
 title = {Intraprocedural dataflow analysis for software product lines},
 booktitle = {AOSD},
 year = {2012},
 pages = {13--24}
}

@inproceedings{behrang-etal-fse2015,
 author = {Behrang, Farnaz and Cohen, Myra B. and Orso, Alessandro},
 title = {Users Beware: Preference Inconsistencies Ahead},
 booktitle = {ESEC/FSE},
 year = {2015},
 pages = {295--306}
}

@Misc{android-things-one,
author={Google},
title={Android Things},
note={\url{https://developer.android.com/things/index.html}}
}

@Misc{android-things-two,
author={Google},
title={Android Things},
note={\url{https://developers.google.com/iot/}}
}

@Misc{daikon-2016,
author={},
title={The Daikon Invariant Detector},
note={\url{https://plse.cs.washington.edu/daikon/}}
}


@INPROCEEDINGS{campos-etal-ase2016,
author={J. Campos and R. Abreu and G. Fraser and M. d'Amorim},
booktitle={ASE},
title={Entropy-based test generation for improved fault localization},
year={2013},
pages={257-267},
month={Nov}}

@article{ceri-etal-ieee-tkde-1989,
 author = {Ceri, S. and Gottlob, G. and Tanca, L.},
 title = {What You Always Wanted to Know About Datalog (And Never Dared to Ask)},
 journal = {IEEE Transactions on Knowledge and Data Engineering},
 issue_date = {March 1989},
 volume = {1},
 number = {1},
 month = mar,
 year = {1989},
 pages = {146--166},
 numpages = {21}
}
                 
@inproceedings{yang-2011-finding,
  title={Finding and understanding bugs in C compilers},
  author={Yang, Xuejun and Chen, Yang and Eide, Eric and Regehr, John},
  booktitle={ACM SIGPLAN Notices},
  volume={46},
  number={6},
  pages={283--294},
  year={2011},
  organization={ACM}
}

@inproceedings{holler-2012-fuzzing,
  title={Fuzzing with Code Fragments.},
  author={Holler, Christian and Herzig, Kim and Zeller, Andreas},
  booktitle={USENIX Security Symposium},
  pages={445--458},
  year={2012}
}

@article{hodovan-fuzzinator,
author = {Hodovan, Renata and Kiss, Ákos},
year = {2018},
month = {04},
title = {Fuzzinator: An Open-Source Modular Random Testing Framework}
}