@MISC{chakra-discontinued,
	author = {{Joe Belfiore}},
	title = {{Microsoft Edge: Making the web better through more open source collaboration}},
	howpublished = {\url{https://blogs.windows.com/windowsexperience/2018/12/06/microsoft-edge-making-the-web-better-through-more-open-source-collaboration/#IIycUFupVTBcbAY5.97}},
   month = December,
   year = 2018
}


@inproceedings{Chen:2017:LPT:3097368.3097451,
 author = {Chen, Junjie and Bai, Yanwei and Hao, Dan and Xiong, Yingfei and Zhang, Hongyu and Xie, Bing},
 title = {Learning to Prioritize Test Programs for Compiler Testing},
 booktitle = {Proceedings of the 39th International Conference on Software Engineering},
 series = {ICSE '17},
 year = {2017},
 isbn = {978-1-5386-3868-2},
 location = {Buenos Aires, Argentina},
 pages = {700--711},
 numpages = {12},
 url = {https://doi.org/10.1109/ICSE.2017.70},
 doi = {10.1109/ICSE.2017.70},
 acmid = {3097451},
 publisher = {IEEE Press},
 address = {Piscataway, NJ, USA},
}

@inproceedings{DBLP:conf/sigsoft/LehmannP18,
  author    = {Daniel Lehmann and
               Michael Pradel},
  title     = {Feedback-directed differential testing of interactive debuggers},
  booktitle = {Proceedings of the 2018 {ACM} Joint Meeting on European Software Engineering
               Conference and Symposium on the Foundations of Software Engineering,
               {ESEC/SIGSOFT} {FSE} 2018, Lake Buena Vista, FL, USA, November 04-09,
               2018},
  pages     = {610--620},
  year      = {2018},
  url       = {https://doi.org/10.1145/3236024.3236037},
  doi       = {10.1145/3236024.3236037},
  timestamp = {Wed, 21 Nov 2018 12:44:26 +0100},
  biburl    = {https://dblp.org/rec/bib/conf/sigsoft/LehmannP18},
  bibsource = {dblp computer science bibliography, https://dblp.org}
}

@inproceedings{mikolov2013distributed,
 author = "Mikolov, Tomas and Sutskever, Ilya and Chen, Kai and Corrado, Greg and Dean, Jeffrey",
 title = "Distributed Representations of Words and Phrases and Their Compositionality",
 booktitle = "Advances in Neural Information Processing Systems 26: 27th Annual Conference on Neural Information Processing Systems 2013",
 year = "2013",
 pages = "3111--3119",
 publisher = "Curran Associates Inc.",
 address = "Lake Tahoe, Nevada, USA",
}

@incollection{Rumelhart:1986:LIR:104279.104293,
 author = {Rumelhart, D. E. and Hinton, G. E. and Williams, R. J.},
 chapter = {Learning Internal Representations by Error Propagation},
 title = {Parallel Distributed Processing: Explorations in the Microstructure of Cognition, Vol. 1},
 editor = {Rumelhart, David E. and McClelland, James L. and PDP Research Group, CORPORATE},
 year = {1986},
 isbn = {0-262-68053-X},
 pages = {318--362},
 numpages = {45},
 url = {http://dl.acm.org/citation.cfm?id=104279.104293},
 acmid = {104293},
 publisher = {MIT Press},
 address = {Cambridge, MA, USA},
}

@inproceedings{ciupa-etal-icse08,
 author = {Ciupa, Ilinca and Leitner, Andreas and Oriol, Manuel and Meyer, Bertrand},
 title = {ARTOO: Adaptive Random Testing for Object-oriented Software},
 booktitle = {Proceedings of the 30th International Conference on Software Engineering},
 series = {ICSE '08},
 year = {2008},
 isbn = {978-1-60558-079-1},
 location = {Leipzig, Germany},
 pages = {71--80},
 numpages = {10},
 url = {http://doi.acm.org/10.1145/1368088.1368099},
 doi = {10.1145/1368088.1368099},
 acmid = {1368099},
 publisher = {ACM},
 address = {New York, NY, USA},
 keywords = {adaptive random testing, object distance, software testing},
}

@inproceedings{alshahwan-harman-icse2012,
 author = {Alshahwan, Nadia and Harman, Mark},
 title = {Augmenting Test Suites Effectiveness by Increasing Output Diversity},
 booktitle = {Proceedings of the 34th International Conference on Software Engineering},
 series = {ICSE '12},
 year = {2012},
 isbn = {978-1-4673-1067-3},
 location = {Zurich, Switzerland},
 pages = {1345--1348},
 numpages = {4},
 url = {http://dl.acm.org/citation.cfm?id=2337223.2337414},
 acmid = {2337414},
 publisher = {IEEE Press},
 address = {Piscataway, NJ, USA},
}

@inproceedings{mayer-ase2005,
 author = {Mayer, Johannes},
 title = {Lattice-based Adaptive Random Testing},
 booktitle = {Proceedings of the 20th IEEE/ACM International Conference on Automated Software Engineering},
 series = {ASE '05},
 year = {2005},
 isbn = {1-58113-993-4},
 location = {Long Beach, CA, USA},
 pages = {333--336},
 numpages = {4},
 url = {http://doi.acm.org/10.1145/1101908.1101963},
 doi = {10.1145/1101908.1101963},
 acmid = {1101963},
 publisher = {ACM},
 address = {New York, NY, USA},
 keywords = {adaptive random testing, random testing, test case selection},
}

@inproceedings{alshahwan-harman-issta2014,
 author = {Alshahwan, Nadia and Harman, Mark},
 title = {Coverage and Fault Detection of the Output-uniqueness Test Selection Criteria},
 booktitle = {Proceedings of the 2014 International Symposium on Software Testing and Analysis},
 series = {ISSTA 2014},
 year = {2014},
 isbn = {978-1-4503-2645-2},
 location = {San Jose, CA, USA},
 pages = {181--192},
 numpages = {12},
 url = {http://doi.acm.org/10.1145/2610384.2610413},
 doi = {10.1145/2610384.2610413},
 acmid = {2610413},
 publisher = {ACM},
 address = {New York, NY, USA},
 keywords = {Blackbox testing, Software Testing, Web applications, Whitebox testing},
}

@inproceedings{bueno-etal-ase2007,
 author = {Bueno, Paulo M. S. and Wong, W. Eric and Jino, Mario},
 title = {Improving random test sets using the diversity oriented test data generation},
 year = {2007},
 publisher = {Association for Computing Machinery},
 url = {https://doi.org/10.1145/1292414.1292419},
 doi = {10.1145/1292414.1292419},
 booktitle = {Proceedings of the 2nd international workshop on Random testing: co-located with the 22nd IEEE/ACM International Conference on Automated Software Engineering (ASE 2007)},
 pages = {10–17},
 numpages = {8},
 location = {Atlanta, Georgia},
 series = {ASE07}
}


@article{ostrand-balcer-1988,
 author = {Ostrand, T. J. and Balcer, M. J.},
 title = {The Category-partition Method for Specifying and Generating Fuctional Tests},
 journal = {Commun. ACM},
 issue_date = {June 1988},
 volume = {31},
 number = {6},
 month = jun,
 year = {1988},
 issn = {0001-0782},
 pages = {676--686},
 numpages = {11},
 url = {http://doi.acm.org/10.1145/62959.62964},
 doi = {10.1145/62959.62964},
 acmid = {62964},
 publisher = {ACM},
 address = {New York, NY, USA},
}

@ARTICLE{chen-yu-tse1996,
author={T. Y. {Chen} and Y. T. {Yu}},
journal={IEEE Transactions on Software Engineering},
title={On the expected number of failures detected by subdomain testing and random testing},
year={1996},
volume={22},
number={2},
pages={109-119},
keywords={program testing;software metrics;programming theory;subdomain testing;random testing;expected number;failure detection;E measure;E-measure;fault detecting capability;testing strategies;disjoint subdomains;partition testing;software testing;Software testing;System testing;Failure analysis;Computer science;Electronic mail;Fault detection},
doi={10.1109/32.485221},
ISSN={0098-5589},
month={Feb},}

@ARTICLE{white-cohen-tse1980,
author={L. J. {White} and E. I. {Cohen}},
journal={IEEE Transactions on Software Engineering},
title={A Domain Strategy for Computer Program Testing},
year={1980},
volume={SE-6},
number={3},
pages={247-257},
keywords={Control structure;domain errors;path-oriented testing;software reliability;software testing;test data generation;Computer errors;Error correction;Software testing;Automatic testing;Data flow computing;Software reliability;Automatic control;Military computing;Information science;System testing;Control structure;domain errors;path-oriented testing;software reliability;software testing;test data generation},
doi={10.1109/TSE.1980.234486},
ISSN={0098-5589},
month={May},}

@article{Chen:2010:ART:1663656.1663914,
 author = {Chen, Tsong Yueh and Kuo, Fei-Ching and Merkel, Robert G. and Tse, T. H.},
 title = {Adaptive Random Testing: The ART of Test Case Diversity},
 journal = {J. Syst. Softw.},
 issue_date = {January, 2010},
 volume = {83},
 number = {1},
 month = jan,
 year = {2010},
 issn = {0164-1212},
 pages = {60--66},
 numpages = {7},
 url = {http://dx.doi.org/10.1016/j.jss.2009.02.022},
 doi = {10.1016/j.jss.2009.02.022},
 acmid = {1663914},
 publisher = {Elsevier Science Inc.},
 address = {New York, NY, USA},
 keywords = {Adaptive random sequence, Adaptive random testing, Failure pattern, Failure-based testing, Random testing, Software testing},
}

@INPROCEEDINGS{7515474,
author={R. Feldt and S. Poulding and D. Clark and S. Yoo},
booktitle={2016 IEEE International Conference on Software Testing, Verification and Validation (ICST)},
title={Test Set Diameter: Quantifying the Diversity of Sets of Test Cases},
year={2016},
volume={},
number={},
pages={223-233},
keywords={program testing;software fault tolerance;software metrics;software quality;software quality;test set diversity;fault coverage;NCD;normalized compression distance;pairwise test diversity metrics;TSDm;software system;software testers;test cases;test set diameter;Measurement;Complexity theory;Software testing;Electronic mail;Software systems;Software testing;Information theory;Test selection;Empirical study},
doi={10.1109/ICST.2016.33},
ISSN={},
month={April},}


@inproceedings{harman-ohearn-2018,
 author = {Mark Harman and Peter O'Hearn},
 title = {{From Start-ups to Scale-ups: Opportunities and Open Problems for Static and Dynamic Program Analysis}},
 booktitle = {Proceedings of the 2012 Working Conference on  on Source Code Analysis and Manipulation (SCAM)},
 year = {2018},
 note = {To Appear}
}

@ARTICLE{barr-etal-tse2015,
author={E. T. Barr and M. Harman and P. McMinn and M. Shahbaz and S. Yoo},
journal={IEEE Transactions on Software Engineering},
title={The Oracle Problem in Software Testing: A Survey},
year={2015},
volume={41},
number={5},
pages={507-525},
keywords={formal specification;program testing;test oracle problem;test oracle information;informal specifications;domain specific information;informal oracle guidance;software testing research;software testing practice;oracle automation;contract-driven development;metamorphic testing;oracle automation;Probabilistic logic;Licenses;Automation;Software testing;Market research;Reliability;Test oracle;Automatic testing;Testing formalism;Test oracle;automatic testing;testing formalism},
doi={10.1109/TSE.2014.2372785},
ISSN={0098-5589},
month={May},}

@InProceedings{10.1007/11754008_2,
author="L{\"a}mmel, Ralf and Schulte, Wolfram",
editor="Uyar, M. {\"U}mit and Duale, Ali Y. and Fecko, Mariusz A.",
title="Controllable Combinatorial Coverage in Grammar-Based Testing",
booktitle="Testing of Communicating Systems",
year="2006",
publisher="Springer Berlin Heidelberg",
address="Berlin, Heidelberg",
pages="19--38",
abstract="Given a grammar (or other sorts of meta-data), one can trivially derive combinatorially exhaustive test-data sets up to a specified depth. Without further efforts, such test-data sets would be huge at the least and explosive most of the time. Fortunately, scenarios of grammar-based testing tend to admit non-explosive approximations of naive combinatorial coverage.",
isbn="978-3-540-34185-7"
}


@article{burgess-test-cases-for-compilers,
author = {J. Burgess, Colin},
year = {1994},
month = {06},
pages = {81-99},
title = {The Automated Generation of Test Cases for Compilers.},
volume = {4},
booktitle = {Softw. Test., Verif. Reliab.}
}

@inproceedings{Le:2014:CVV:2594291.2594334,
 author = {Le, Vu and Afshari, Mehrdad and Su, Zhendong},
 title = {Compiler Validation via Equivalence Modulo Inputs},
 booktitle = {Proceedings of the 35th ACM SIGPLAN Conference on Programming Language Design and Implementation},
 series = {PLDI '14},
 year = {2014},
 isbn = {978-1-4503-2784-8},
 location = {Edinburgh, United Kingdom},
 pages = {216--226},
 numpages = {11},
 url = {http://doi.acm.org/10.1145/2594291.2594334},
 doi = {10.1145/2594291.2594334},
 acmid = {2594334},
 publisher = {ACM},
 address = {New York, NY, USA},
 keywords = {automated testing, compiler testing, equivalent program variants, miscompilation},
}

@inproceedings{Yang:2011:FUB:1993498.1993532,
 author = {Yang, Xuejun and Chen, Yang and Eide, Eric and Regehr, John},
 title = {Finding and Understanding Bugs in C Compilers},
 booktitle = {Proceedings of the 32Nd ACM SIGPLAN Conference on Programming Language Design and Implementation},
 series = {PLDI '11},
 year = {2011},
 isbn = {978-1-4503-0663-8},
 location = {San Jose, California, USA},
 pages = {283--294},
 numpages = {12},
 url = {http://doi.acm.org/10.1145/1993498.1993532},
 doi = {10.1145/1993498.1993532},
 acmid = {1993532},
 publisher = {ACM},
 address = {New York, NY, USA},
 keywords = {automated testing, compiler defect, compiler testing, random program generation, random testing},
}

@inproceedings{Kim:2017:TIR:3155562.3155609,
 author = {Kim, Soomin and Faerevaag, Markus and Jung, Minkyu and Jung, SeungIl and Oh, DongYeop and Lee, JongHyup and Cha, Sang Kil},
 title = {Testing Intermediate Representations for Binary Analysis},
 booktitle = {Proceedings of the 32Nd IEEE/ACM International Conference on Automated Software Engineering},
 series = {ASE 2017},
 year = {2017},
 isbn = {978-1-5386-2684-9},
 location = {Urbana-Champaign, IL, USA},
 pages = {353--364},
 numpages = {12},
 url = {http://dl.acm.org/citation.cfm?id=3155562.3155609},
 acmid = {3155609},
 publisher = {IEEE Press},
 address = {Piscataway, NJ, USA},
 keywords = {Binary Analysis, Binary Lifter, Binary-Based Intermediate Representation, N-version IR Testing},
}



@inproceedings{Paleari:2010:NDD:1831708.1831741,
 author = {Paleari, Roberto and Martignoni, Lorenzo and Fresi Roglia, Giampaolo and Bruschi, Danilo},
 title = {N-version Disassembly: Differential Testing of x86 Disassemblers},
 booktitle = {Proceedings of the 19th International Symposium on Software Testing and Analysis},
 series = {ISSTA '10},
 year = {2010},
 isbn = {978-1-60558-823-0},
 location = {Trento, Italy},
 pages = {265--274},
 numpages = {10},
 url = {http://doi.acm.org/10.1145/1831708.1831741},
 doi = {10.1145/1831708.1831741},
 acmid = {1831741},
 publisher = {ACM},
 address = {New York, NY, USA},
 keywords = {automatic test generation, differential testing, software testing},
}

@inproceedings{Daniel:2007:ATR:1287624.1287651,
 author = {Daniel, Brett and Dig, Danny and Garcia, Kely and Marinov, Darko},
 title = {Automated Testing of Refactoring Engines},
 booktitle = {Proceedings of the the 6th Joint Meeting of the European Software Engineering Conference and the ACM SIGSOFT Symposium on The Foundations of Software Engineering},
 series = {ESEC-FSE '07},
 year = {2007},
 isbn = {978-1-59593-811-4},
 location = {Dubrovnik, Croatia},
 pages = {185--194},
 numpages = {10},
 url = {http://doi.acm.org/10.1145/1287624.1287651},
 doi = {10.1145/1287624.1287651},
 acmid = {1287651},
 publisher = {ACM},
 address = {New York, NY, USA},
 keywords = {automated testing, bounded-exhaustive testing, imperative generators, refactoring engines, test data generation},
}


@inproceedings{Kapus:2017:ATS:3155562.3155636,
 author = {Kapus, Timotej and Cadar, Cristian},
 title = {Automatic Testing of Symbolic Execution Engines via Program Generation and Differential Testing},
 booktitle = {Proceedings of the 32Nd IEEE/ACM International Conference on Automated Software Engineering},
 series = {ASE 2017},
 year = {2017},
 isbn = {978-1-5386-2684-9},
 location = {Urbana-Champaign, IL, USA},
 pages = {590--600},
 numpages = {11},
 url = {http://dl.acm.org/citation.cfm?id=3155562.3155636},
 acmid = {3155636},
 publisher = {IEEE Press},
 address = {Piscataway, NJ, USA},
}

@Article{Purdom1972,
author="Purdom, Paul",
title="A sentence generator for testing parsers",
journal="BIT Numerical Mathematics",
year="1972",
month="Sep",
day="01",
volume="12",
number="3",
pages="366--375",
abstract="A fast algorithm is given to produce a small set of short sentences from a context free grammar such that each production of the grammar is used at least once. The sentences are useful for testing parsing programs and for debugging grammars (finding errors in a grammar which causes it to specify some language other than the one intended). Some experimental results from using the sentences to test some automatically generated simpleLR(1) parsers are also given.",
issn="1572-9125",
doi="10.1007/BF01932308",
url="https://doi.org/10.1007/BF01932308"
}


@article{Donaldson:2017:ATG:3152284.3133917,
 author = {Donaldson, Alastair F. and Evrard, Hugues and Lascu, Andrei and Thomson, Paul},
 title = {Automated Testing of Graphics Shader Compilers},
 journal = {Proc. ACM Program. Lang.},
 issue_date = {October 2017},
 volume = {1},
 number = {OOPSLA},
 month = oct,
 year = {2017},
 issn = {2475-1421},
 pages = {93:1--93:29},
 articleno = {93},
 numpages = {29},
 url = {http://doi.acm.org/10.1145/3133917},
 doi = {10.1145/3133917},
 acmid = {3133917},
 publisher = {ACM},
 address = {New York, NY, USA},
 keywords = {GLSL, GPUs, OpenGL, compilers, shaders, testing},
}


@inproceedings{Lidbury:2015:MCF:2737924.2737986,
 author = {Lidbury, Christopher and Lascu, Andrei and Chong, Nathan and Donaldson, Alastair F.},
 title = {Many-core Compiler Fuzzing},
 booktitle = {Proceedings of the 36th ACM SIGPLAN Conference on Programming Language Design and Implementation},
 series = {PLDI '15},
 year = {2015},
 isbn = {978-1-4503-3468-6},
 location = {Portland, OR, USA},
 pages = {65--76},
 numpages = {12},
 url = {http://doi.acm.org/10.1145/2737924.2737986},
 doi = {10.1145/2737924.2737986},
 acmid = {2737986},
 publisher = {ACM},
 address = {New York, NY, USA},
 keywords = {Compilers, GPUs, OpenCL, concurrency, metamor- phic testing, random testing},
}


@inproceedings{Chen:2018:RDT:3180155.3180226,
 author = {Chen, Chu and Tian, Cong and Duan, Zhenhua and Zhao, Liang},
 title = {RFC-directed Differential Testing of Certificate Validation in SSL/TLS Implementations},
 booktitle = {Proceedings of the 40th International Conference on Software Engineering},
 series = {ICSE '18},
 year = {2018},
 isbn = {978-1-4503-5638-1},
 location = {Gothenburg, Sweden},
 pages = {859--870},
 numpages = {12},
 url = {http://doi.acm.org/10.1145/3180155.3180226},
 doi = {10.1145/3180155.3180226},
 acmid = {3180226},
 publisher = {ACM},
 address = {New York, NY, USA},
 keywords = {SSL/TLS, certificate validation, differential testing, dynamic symbolic execution, request for comments},
}



@inproceedings{eshkevari-etal-icpc2014,
 author = {Eshkevari, Laleh and Antoniol, Giuliano and Cordy, James R. and Di Penta, Massimiliano},
 title = {Identifying and Locating Interference Issues in PHP Applications: The Case of WordPress},
 booktitle = {Proceedings of the 22Nd International Conference on Program Comprehension},
 series = {ICPC 2014},
 year = {2014},
 isbn = {978-1-4503-2879-1},
 location = {Hyderabad, India},
 pages = {157--167},
 numpages = {11},
 url = {http://doi.acm.org/10.1145/2597008.2597153},
 doi = {10.1145/2597008.2597153},
 acmid = {2597153},
 publisher = {ACM},
 address = {New York, NY, USA}
}

@inproceedings{nguyen-etal-icse2014,
 author = {Nguyen, Hung Viet and K\"{a}stner, Christian and Nguyen, Tien N.},
 title = {Exploring Variability-aware Execution for Testing Plugin-based Web Applications},
 booktitle = {ICSE},
 year = {2014},
 pages = {907--918},
}

@inproceedings{Patra:2018:CFU:3180155.3180184,
 author = {Patra, Jibesh and Dixit, Pooja N. and Pradel, Michael},
 title = {ConflictJS: Finding and Understanding Conflicts Between JavaScript Libraries},
 booktitle = {Proceedings of the 40th International Conference on Software Engineering},
 series = {ICSE '18},
 year = {2018},
 isbn = {978-1-4503-5638-1},
 location = {Gothenburg, Sweden},
 pages = {741--751},
 numpages = {11},
 url = {http://doi.acm.org/10.1145/3180155.3180184},
 doi = {10.1145/3180155.3180184},
 acmid = {3180184},
 publisher = {ACM},
 address = {New York, NY, USA},
}


@MISC{redmonk-javascript,
	author = {{RedMonk}},
	title = {{The RedMonk Programming Language Rankings: June 2018}},
	howpublished = {\url{https://web.archive.org/web/20200530065331/https://redmonk.com/sogrady/2018/08/10/language-rankings-6-18/}},
   month = June,
   year = 2018
}


@MISC{jsc-severity,
	author = {{Apple}},
	title = {{Severity levels WebKit bugs (JavaScriptCore)}},
	howpublished = {\url{https://web.archive.org/web/20200530065331/https://webkit.org/bug-prioritization/}},
   year = 2018
}

@MISC{chakra-severity,
	author = {{Microsoft}},
	title = {Severity levels Chakra bugs},
	howpublished = {\url{https://web.archive.org/web/20200530065331/https://github.com/Microsoft/ChakraCore/wiki/Label-Glossary}},
   year = 2018
}

@MISC{v8-severity,
	author = {{The Chromium Project}},
	title = {Chromium Bug Labels},
	howpublished = {\url{https://web.archive.org/web/20200530065331/https://www.chromium.org/for-testers/bug-reporting-guidelines/chromium-bug-labels}},
   year = 2018
}

@MISC{mozilla-severity,
	author = {{Mozilla}},
	title = {Triage Process for Firefox Components in Mozilla-central and Bugzilla},
	howpublished = {\url{https://web.archive.org/web/20200530065331/https://github.com/mozilla/bug-handling/blob/master/policy/triage-bugzilla.md}},
   year = 2018
}

@inproceedings{Zhang:2017:ATD:3097368.3097448,
 author = {Zhang, Tianyi and Kim, Miryung},
 title = {Automated Transplantation and Differential Testing for Clones},
 booktitle = {Proceedings of the 39th International Conference on Software Engineering},
 series = {ICSE '17},
 year = {2017},
 isbn = {978-1-5386-3868-2},
 location = {Buenos Aires, Argentina},
 pages = {665--676},
 numpages = {12},
 url = {https://doi.org/10.1109/ICSE.2017.67},
 doi = {10.1109/ICSE.2017.67},
 acmid = {3097448},
 publisher = {IEEE Press},
 address = {Piscataway, NJ, USA},
}

@inproceedings{Holler:2012:FCF:2362793.2362831,
 author = {Holler, Christian and Herzig, Kim and Zeller, Andreas},
 title = {Fuzzing with Code Fragments},
 booktitle = {Proceedings of the 21st USENIX Conference on Security Symposium},
 series = {Security'12},
 year = {2012},
 location = {Bellevue, WA},
 pages = {38--38},
 numpages = {1},
 url = {http://dl.acm.org/citation.cfm?id=2362793.2362831},
 acmid = {2362831},
 publisher = {USENIX Association},
 address = {Berkeley, CA, USA},
}

@inproceedings{luo-etal-fse2014,
 author = {Luo, Qingzhou and Hariri, Farah and Eloussi, Lamyaa and Marinov, Darko},
 title = {An Empirical Analysis of Flaky Tests},
 booktitle = {Proceedings of the 22nd ACM SIGSOFT International Symposium on Foundations of Software Engineering},
 series = {FSE 2014},
 year = {2014},
 isbn = {978-1-4503-3056-5},
 location = {Hong Kong, China},
 pages = {643--653},
 numpages = {11},
 url = {http://doi.acm.org/10.1145/2635868.2635920},
 doi = {10.1145/2635868.2635920},
 acmid = {2635920},
 publisher = {ACM},
 address = {New York, NY, USA},
 keywords = {Empirical study, flaky tests, non-determinism},
}

@INPROCEEDINGS{palomba-zaidman-icsme2017,
author={F. Palomba and A. Zaidman},
booktitle={2017 IEEE International Conference on Software Maintenance and Evolution (ICSME)},
title={Does Refactoring of Test Smells Induce Fixing Flaky Tests?},
year={2017},
volume={},
number={},
pages={1-12},
keywords={program testing;software fault tolerance;software maintenance;source code (software);JUnit test methods;indirect testing;regression testing;resource optimism;source code;test flakiness;test run war;test smells refactoring;Computer bugs;Java;Production;Software systems;Testing;Tools;Flaky Tests;Refactoring;Test Smells},
doi={10.1109/ICSME.2017.12},
ISSN={},
month={Sept}}



@MISC{simply-technologies,
	author = {{Simply Technologies}},
	title = {{Why is JavaScript So Popular?}},
	howpublished = {\url{https://web.archive.org/web/20200530065331/https://www.simplytechnologies.net/blog/2018/4/11/why-is-javascript-so-popular}},
   year = 2018
}


@MISC{so-undefined-behavior,
	author = {{StackOverflow community}},
	title = {{Does JavaScript have undefined behaviour}},
	howpublished = {\url{https://web.archive.org/web/20200530065331/https://stackoverflow.com/questions/14863430/does-javascript-have-undefined-behaviour}},
   year = 2018
}


@MISC{so-forin-undefined,
	author = {{StackOverflow community}},
	title = {{Elements order in a “for (… in …)” loop}},
	howpublished = {\url{https://web.archive.org/web/20200530065331/https://stackoverflow.com/questions/280713/elements-order-in-a-for-in-loop}},
   year = 2018
}

@MISC{javascript-in-chrome,
	author = {{John Resig}},
	title = {{JavaScript in Chrome}},
	howpublished = {\url{https://web.archive.org/web/20200530065331/https://johnresig.com/blog/javascript-in-chrome/}},
   year = 2018
}


@MISC{c-undefined,
	author = {{John Regehr}},
	title = {{C undefined behavior}},
	howpublished = {\url{https://web.archive.org/web/20200530065331/https://blog.regehr.org/archives/213}},
   month = July,
   year = 2018,
}

@MISC{for-in-undefined,
	author = {{Camilo Bruni--V8 engineer}},
	title = {{for-in undefined behavior}},
	howpublished = {\url{https://web.archive.org/web/20200530065331/https://v8project.blogspot.com/2017/03/fast-for-in-in-v8.html}},
   month = July,
   year = 2018,
}


@MISC{ecmas262-spec,
	author = {{TC39}},
	title = {{ECMA262 Spec}},
	howpublished = {\url{https://web.archive.org/web/20200530065331/https://www.ecma-international.org/ecma-262/8.0/}},
   month = July,
   year = 2018,
}



@MISC{ecmas262-array-sort,
	author = {{TC39}},
	title = {{Array sort}},
	howpublished = {\url{https://web.archive.org/web/20200530065331/https://tc39.github.io/ecma262/\#sec-array.prototype.sort}},
   month = July,
   year = 2018,
}


@MISC{ecmas262-getviewvalue,
	author = {{TC39}},
	title = {{TypeConversion, ToIndex function}},
	howpublished = {\url{https://web.archive.org/web/20200530065331/https://tc39.github.io/ecma262/#sec-toindex}},
   month = July,
   year = 2018,
}

@MISC{ecmas262-spec-repo,
	author = {{TC39}},
	title = {{ECMA262 repository}},
	howpublished = {\url{https://web.archive.org/web/20200530065331/https://tc39.github.io/ecma262/}},
   month = July,
   year = 2018,
}

@MISC{array-bug-chromium-issue4247,
	author = {{Chromium}},
	title = {{Issue 4247}},
	howpublished = {\url{https://web.archive.org/web/20200530065331/https://bit.ly/2O08uW2}},
}

@MISC{array-bug-discussion,
	author = {{ES}},
   year = 2014,
	title = {{Array new attributed caused bugs}},
	howpublished = {\url{https://web.archive.org/web/20200530065331/https://esdiscuss.org/topic/array-prototype-values-is-not-web-compat-even-with-unscopables}},
}

@MISC{jsfunfuzz-at-mozilla,
	author = {{Mozilla}},
	title = {{jsfunfuzz at Mozilla}},
	howpublished = {\url{https://web.archive.org/web/20200530065331/https://mzl.la/2LsctZL}},
}

@MISC{jsfunfuzz-mozilla-bug,
	author = {{Mozilla}},
	title = {{Bug 1081850: Differential Testing: Different output message involving prototype}},
	howpublished = {\url{https://web.archive.org/web/20200530065331/https://bugzilla.mozilla.org/show_bug.cgi?id=1081850}},
}


@MISC{ecma262-conformance-suite,
	author = {{TC39}},
	title = {{Official ECMA262 Conformance Test Suite}},
	howpublished = {\url{https://web.archive.org/web/20200530065331/https://github.com/tc39/test262}},
}


@MISC{tc39-github,
	author = {{TC39}},
	title = {{TC39 GitHub repo}},
	howpublished = {\url{https://web.archive.org/web/20200530065331/http://tc39.github.io/}},
}

@MISC{node,
	author = {{The Node.js Foundation}},
	title = {{Node.js}},
	howpublished = {\url{https://web.archive.org/web/20200530065331/https://nodejs.org}},
}


@MISC{jsvu,
	author = {{Google Chrome Lab}},
	title = {{JSVU--JavaScript (engine) Version Updater}},
	howpublished = {\url{https://web.archive.org/web/20200530065331/https://github.com/GoogleChromeLabs/jsvu}},
}

@MISC{eshost-cli,
	author = {{Brian Terlson}},
	title = {{escli-host}},
	howpublished = {\url{https://web.archive.org/web/20200530065331/https://github.com/bterlson/eshost-cli}},
}


@MISC{clang-documentation,
	author = {{LLVM}},
	title = {{clang documentation}},
	howpublished = {\url{https://web.archive.org/web/20200530065331/http://clang.llvm.org/docs/}},
}

@MISC{github-rest-api,
	author = {{GitHub}},
	title = {{GitHub REST API}},
	howpublished = {\url{https://web.archive.org/web/20200530065331/https://developer.github.com/v3/?}},
}


@MISC{duktape,
	author = {{Duktape}},
	title = {{Duktape}},
	howpublished = {\url{https://web.archive.org/web/20200530065331/https://github.com/svaarala/duktape}},
}

@MISC{jsi,
	author = {{JerryScript}},
	title = {{JerryScript}},
	howpublished = {\url{https://web.archive.org/web/20200530065331/https://github.com/technosaurus/jsish}},
}

@MISC{tinyjs,
	author = {{Tiny-js}},
	title = {{Tiny-js}},
	howpublished = {\url{https://web.archive.org/web/20200530065331/https://github.com/gfwilliams/tiny-js}},
}

@MISC{mozilla,
	author = {{Unknown}},
	title = {{Mozilla}},
	howpublished = {\url{https://web.archive.org/web/20200530065331/https://github.com/mozilla/gecko-dev/tree/master/js/src/tests/non262}},
}

@MISC{bug4978,
	author = {{Unknown}},
	title = {{Chakra issue \#4978}},
	howpublished = {\url{https://github.com/Microsoft/ChakraCore/issues/4978}},
}

@MISC{es6-spec,
	author = {{Ecma}},
	title = {{ECMAScript 2018 Language Specification}},
	howpublished = {\url{https://www.ecma-international.org/ecma-262/}},
}


@MISC{es6-website,
	author = {{Ecma Internacional}},
	title = {{Ecma Internacional}},
	howpublished = {\url{https://www.ecma-international.org}},
}

@MISC{es6-toPrecision,
	author = {{Ecma Internacional}},
	title = {{Number.toPrecision specification}},
	howpublished = {\url{https://www.ecma-international.org/ecma-262/8.0/index.html#sec-number.prototype.toprecision}},
}


@MISC{break-statement,
	author = {{Ecma Internacional}},
	title = {{Static Semantics: Early Errors}},
	howpublished = {\url{https://www.ecma-international.org/ecma-262/8.0/index.html#sec-break-statement-static-semantics-early-errors}},
}

@MISC{spec-b333,
	author = {{Ecma Internacional}},
	title = {{Changes to EvalDeclarationInstantiation}},
	howpublished = {\url{https://www.ecma-international.org/ecma-262/8.0/index.html#sec-web-compat-evaldeclarationinstantiation}},
}

@MISC{libfuzzer-tutorial,
	author = {{Google}},
	title = {{libFuzzer Tutorial}},
	howpublished = {\url{https://github.com/google/fuzzer-test-suite/blob/master/tutorial/libFuzzerTutorial.md}},
}

@MISC{fuzz-bart,
	author = {{Barton P. Miller}},
	title = {{Fuzz Testing of Application Reliability (web)}},
	howpublished = {\url{https://web.archive.org/web/20200530065331/http://pages.cs.wisc.edu/~bart/fuzz/}},
}



@MISC{bugzilla,
	author = {{Bugzilla}},
	title = {{Bugzilla website}},
	howpublished = {\url{https://web.archive.org/web/20200530065331/http://bugzilla.org}},
}

@MISC{github-issue-tracker,
	author = {{github-issue-tracker}},
	title = {{Github Issue Tracker}},
	howpublished = {\url{https://github.com/blog/411-github-issue-tracker}},
}

@MISC{jira,
	author = {{Atlassian}},
	title = {{Jira bug tracker website}},
	howpublished = {\url{https://www.atlassian.com/software/jira/bug-tracking}},
}


@article{patel2012optical,
  title={{Optical character recognition by open source OCR tool tesseract: A case study}},
  author={Patel, Chirag and Patel, Atul and Patel, Dharmendra},
  journal={International Journal of Computer Applications},
  year={2012}
}

@article{rubner2000earth,
  title={{The earth mover's distance as a metric for image retrieval}},
  author={Rubner, Yossi and Tomasi, Carlo and Guibas, Leonidas J},
  journal={International journal of computer vision},
  year={2000}
}

@book{quinlan2014c4,
  title={{C4. 5: programs for machine learning}},
  author={Quinlan, J Ross},
  year={2014},
  publisher={Elsevier}
}

@inproceedings{han2012reverse,
 author = {Han, Dan and Zhang, Chenlei and Fan, Xiaochao and Hindle, Abram and Wong, Kenny and Stroulia, Eleni},
 title = {{Understanding Android Fragmentation with Topic Analysis of Vendor-Specific Bugs}},
 booktitle = {Proceedings of the 2012 Working Conference on Reverse Engineering},
 year = {2012}
}

@inproceedings{holzinger2012making,
  title={{Making apps useable on multiple different mobile platforms: On interoperability for business application development on smartphones}},
  author={Holzinger, Andreas and Treitler, Peter and Slany, Wolfgang},
  booktitle={International Conference on Availability, Reliability, and Security},
  year={2012}
}

@inproceedings{joorabchi2013real,
  title={{Real Challenges in Mobile app Development}},
  author={Joorabchi, Mona Erfani and Mesbah, Ali and Kruchten, Philippe},
  booktitle={2013 ACM/IEEE International Symposium on Empirical Software Engineering and Measurement (ESEM)},
  year={2013}
}

@inproceedings{li2015characterizing,
  title={{Characterizing smartphone usage patterns from millions of Android users}},
  author={Li, Huoran and Lu, Xuan and Liu, Xuanzhe and Xie, Tao and Bian, Kaigui and Lin, Felix Xiaozhu and Mei, Qiaozhu and Feng, Feng},
  booktitle={Proceedings of the 2015 ACM Conference on Internet Measurement Conference},
  year={2015}
}

@inproceedings{pathak2011bootstrapping,
  title={{Bootstrapping energy debugging on smartphones: a first look at energy bugs in mobile devices}},
  author={Pathak, Abhinav and Hu, Y Charlie and Zhang, Ming},
  booktitle={Proceedings of the 10th ACM Workshop on Hot Topics in Networks},
  year={2011}
}

@inproceedings{liu2014characterizing,
  title={{Characterizing and detecting performance bugs for smartphone applications}},
  author={Liu, Yepang and Xu, Chang and Cheung, Shing-Chi},
  booktitle={Proceedings of the 36th International Conference on Software Engineering},
  year={2014}
}

@inproceedings{wu2013impact,
  title={{The impact of vendor customizations on android security}},
  author={Wu, Lei and Grace, Michael and Zhou, Yajin and Wu, Chiachih and Jiang, Xuxian},
  booktitle={Proceedings of the 2013 ACM SIGSAC conference on Computer \& communications security},
  year={2013}
}

@inproceedings{zhou2014peril,
  title={{The peril of fragmentation: Security hazards in android device driver customizations}},
  author={Zhou, Xiaoyong and Lee, Yeonjoon and Zhang, Nan and Naveed, Muhammad and Wang, XiaoFeng},
  booktitle={2014 IEEE Symposium on Security and Privacy (SP)},
  year={2014}
}

@inproceedings{vilkomir2014using,
  title={{Using combinatorial approaches for testing mobile applications}},
  author={Vilkomir, Sergiy and Amstutz, Brandi},
  booktitle={2014 IEEE International Conference on Software Testing, Verification and Validation Workshops (ICSTW)},
  year={2014}
}

@inproceedings{khalid2014prioritizing,
  title={{Prioritizing the devices to test your app on: A case study of android game apps}},
  author={Khalid, Hammad and Nagappan, Meiyappan and Shihab, Emad and Hassan, Ahmed E},
  booktitle={Proceedings of the 22nd ACM SIGSOFT International Symposium on Foundations of Software Engineering},
  year={2014}
}

@inproceedings{lu2016prada,
  title={{PRADA: Prioritizing android devices for apps by mining large-scale usage data}},
  author={Lu, Xuan and Liu, Xuanzhe and Li, Huoran and Xie, Tao and Mei, Qiaozhu and Hao, Dan and Huang, Gang and Feng, Feng},
  booktitle={Proceedings of the 38th International Conference on Software Engineering},
  year={2016}
}

@inproceedings{wei2016taming,
  title={{Taming Android fragmentation: Characterizing and detecting compatibility issues for Android apps}},
  author={Wei, Lili and Liu, Yepang and Cheung, Shing-Chi},
  booktitle={2016 IEEE/ACM International Conference on Automated Software Engineering (ASE)},
  year={2016}
}

@inproceedings{choudhary2010webdiff,
  title={{Webdiff: Automated Identification of Cross-Browser Issues in Web Applications}},
  author={Choudhary, Shauvik Roy and Versee, Husayn and Orso, Alessandro},
  booktitle={2010 IEEE International Conference on Software Maintenance (ICSM)},
  year={2010}
}

@inproceedings{choudhary2012crosscheck,
  title={{Crosscheck: Combining Crawling and Differencing to Better Detect Cross-Browser Incompatibilities in Web Applications}},
  author={Choudhary, Shauvik Roy and Prasad, Mukul R and Orso, Alessandro},
  booktitle={2012 IEEE International Conference on Software Testing, Verification and Validation (ICST)},
  year={2012}
}

@inproceedings{roy2013x,
  title={{X-PERT: Accurate Identification of Cross-Browser Issues in Web Applications}},
  author={Roy Choudhary, Shauvik and Prasad, Mukul R and Orso, Alessandro},
  booktitle={Proceedings of the 2013 International Conference on Software Engineering},
  year={2013}
}

@inproceedings{mesbah2011automated,
  title={{Automated Cross-Browser Compatibility Testing}},
  author={Mesbah, Ali and Prasad, Mukul R},
  booktitle={Proceedings of the 33rd International Conference on Software Engineering},
  year={2011}
}

@inproceedings{dallmeier2012webmate,
  title={{Webmate: a Tool for Testing Web 2.0 Applications}},
  author={Dallmeier, Valentin and Burger, Martin and Orth, Tobias and Zeller, Andreas},
  booktitle={Proceedings of the Workshop on JavaScript Tools},
  year={2012}
}

@inproceedings{machiry2013fse,
 author = {Machiry, Aravind and Tahiliani, Rohan and Naik, Mayur},
 title = {{Dynodroid: An Input Generation System for Android Apps}},
 booktitle = {Proceedings of the 2013 Joint Meeting on Foundations of Software Engineering},
 year = {2013}
}

@inproceedings{amalfitano2012ase,
 author = {Amalfitano, Domenico and Fasolino, Anna Rita and Tramontana, Porfirio and De Carmine, Salvatore and Memon, Atif M.},
 title = {{Using GUI Ripping for Automated Testing of Android Applications}},
 booktitle = {Proceedings of the IEEE/ACM International Conference on Automated Software Engineering},
 year = {2012}
}

@inproceedings{yang2013fase,
 author = {Yang, Wei and Prasad, Mukul R. and Xie, Tao},
 title = {{A Grey-box Approach for Automated GUI-model Generation of Mobile Applications}},
 booktitle = {Proceedings of the 16th International Conference on Fundamental Approaches to Software Engineering},
 year = {2013}
}

@inproceedings{azim2013oopsla,
 author = {Azim, Tanzirul and Neamtiu, Iulian},
 title = {{Targeted and Depth-first Exploration for Systematic Testing of Android Apps}},
 booktitle = {Proceedings of the 2013 ACM SIGPLAN International Conference on Object Oriented Programming Systems Languages, and Applications},
 year = {2013},
 isbn = {978-1-4503-2374-1}
}

@inproceedings{choi2013oopsla,
 author = {Choi, Wontae and Necula, George and Sen, Koushik},
 title = {{Guided GUI Testing of Android Apps with Minimal Restart and Approximate Learning}},
 booktitle = {Proceedings of the 2013 ACM SIGPLAN International Conference on Object Oriented Programming Systems Languages, and Applications},
 year = {2013}
}

@inproceedings{hao2014mobisys,
 author = {Hao, Shuai and Liu, Bin and Nath, Suman and Halfond, William G.J. and Govindan, Ramesh},
 title = {{PUMA: Programmable UI-automation for Large-scale Dynamic Analysis of Mobile Apps}},
 booktitle = {Proceedings of the 12th Annual International Conference on Mobile Systems, Applications, and Services},
 year = {2014}
}

@inproceedings{mahmood2014fse,
 author = {Mahmood, Riyadh and Mirzaei, Nariman and Malek, Sam},
 title = {{EvoDroid: Segmented Evolutionary Testing of Android Apps}},
 booktitle = {Proceedings of the 22nd ACM SIGSOFT International Symposium on Foundations of Software Engineering},
 year = {2014}
}

@inproceedings{anand2012fse,
 author = {Anand, Saswat and Naik, Mayur and Harrold, Mary Jean and Yang, Hongseok},
 title = {{Automated Concolic Testing of Smartphone Apps}},
 booktitle = {Proceedings of the 20th ACM SIGSOFT International Symposium on the Foundations of Software Engineering},
 year = {2012}
}


@article{sampat2009complex,
  title={{Complex wavelet structural similarity: A new image similarity index}},
  author={Sampat, Mehul P and Wang, Zhou and Gupta, Shalini and Bovik, Alan Conrad and Markey, Mia K},
  journal={IEEE transactions on image processing},
  year={2009}
}


@inproceedings{choudhary2017ase,
 author = {Choudhary, Shauvik Roy and Gorla, Alessandra and Orso, Alessandro},
 title = {{Automated Test Input Generation for Android: Are We There Yet? (E)}} ,
 booktitle = {Proceedings of the 2015 IEEE/ACM International Conference on Automated Software Engineering (ASE)},
 year = {2015}
}

@INPROCEEDINGS{fazzini2017icst,
 author = {Fazzini, Mattia and Freitas, Eduardo Noronha de A. and Roy Choudhary, Shauvik and Orso, Alessandro},
 title = {{Barista: A Technique for Recording, Encoding, and Running Platform Independent Android Tests}},
 booktitle = {Proceedings of the 2017 IEEE International Conference on Software Testing, Verification and Validation},
 year = {2017}
}

@article{zeller2002tse,
 author = {Zeller, Andreas and Hildebrandt, Ralf},
 title = {{Simplifying and Isolating Failure-Inducing Input}},
 journal = {IEEE Transactions on Software Engineering},
 year = {2002}
}



@INPROCEEDINGS{anonymus,
 author = {Anonymous Author},
 title = {{Omitted per double blind reviewing}}
}

@MISC{20170227:xpath,
        author = {{W3C}},
        title = {{XML Path Language}},
        howpublished = {\url{https://www.w3.org/TR/xpath-30/}},
         year = {2017},
}

@ARTICLE{2004:tip:wang,
author={Zhou Wang and A. C. Bovik and H. R. Sheikh and E. P. Simoncelli},
journal={IEEE Transactions on Image Processing},
title={Image quality assessment: from error visibility to structural similarity},
year={2004},
}


@MISC{google2017dailydozen,
	author = {{Google}},
	title = {{Daily Dozen}},
	howpublished = {\url{https://play.google.com/store/apps/details?id=org.nutritionfacts.dailydozen}},
}


@MISC{google2017monkey,
	author = {{Google}},
	title = {{Monkey}},
	howpublished = {\url{https://developer.android.com/studio/test/monkey.html}},
}


@MISC{google2017uiautomation,
	author = {{Google}},
	title = {{UiAutomation}},
	howpublished = {\url{https://developer.android.com/reference/android/app/UiAutomation.html}},
}

@MISC{vacavant2017pyssim,
	author = {{A. Vacavant,  C. Godfrey,  and J. Terrace}},
  	title = {{pyssim}},
  	howpublished = {\url{https://github.com/jterrace/pyssim}},
}

@MISC{amazon2017devicefarm,
	author = {{Amazon}},
  	title = {{Device Farm}},
  	howpublished = {\url{https://aws.amazon.com/device-farm}},
}

@MISC{opencv2017opencv,
	author = {{OpenCV}},
  	title = {{OpenCV}},
  	howpublished = {\url{https://web.archive.org/web/20200530065331/http://opencv.org}},
}

@MISC{universityofwaikato2017weka,
	author = {{University of Waikato}},
  	title = {{Weka}},
  	howpublished = {\url{https://web.archive.org/web/20200530065331/http://www.cs.waikato.ac.nz/ml/weka}},
}


@MISC{google2017tesseract,
	author = {{Google}},
  	title = {{Tesseract OCR}},
  	howpublished = {\url{https://github.com/tesseract-ocr/tesseract}},
}

@MISC{recode2017salesforce,
	author = {{Recode}},
  	title = {{Salesforce will only support Nexus and Samsung Galaxy phones to avoid Android fragmentation}},
  	howpublished = {\url{https://www.recode.net/2016/7/18/12217580/salesforce-support-nexus-samsung-galaxy-android}},
}

@MISC{google2017uioverview,
	author = {{Google}},
  	title = {{UI Overview}},
  	howpublished = {\url{https://developer.android.com/guide/topics/ui/overview.html}},
}

%%%%%%%%%%%%%%%%%%NEW%%%%%%%%%%%%%%%%

@MISC{testlio2018bugreport,
	author = {{testlio}},
  	title = {{How to write a bug report that will make your engineers love you}},
  	howpublished = {\url{https://testlio.com/blog/the-ideal-bug-report}},
}

@MISC{google2018bugreport,
	author = {{Google}},
  	title = {{Reporting Bugs}},
  	howpublished = {\url{https://source.android.com/setup/report-bugs}},
}


@inproceedings{yang2015ase,
author={S. Yang and H. Zhang and H. Wu and Y. Wang and D. Yan and A. Rountev},
booktitle={2015 30th IEEE/ACM International Conference on Automated Software Engineering (ASE)},
title={{Static Window Transition Graphs for Android}},
year={2015}
}

@inproceedings{rountev2014cgo,
  author = {Atanas Rountev and Dacong Yan},
  title = {{Static Reference Analysis for {GUI} Objects in {Android} Software}},
  booktitle = {International Symposium on Code Generation and Optimization},
  year = {2014}
}


@MISC{google2018developerguide,
	author = {{Google}},
  	title = {{Developer Guide}},
  	howpublished = {\url{https://web.archive.org/web/20200530065331/https://developer.android.com/guide/index.html}}
}

@book{jurafsky2014,
  title={{Speech and language processing}},
  author={Jurafsky, Dan and Martin, James H},
  year={2014},
  publisher={Pearson London}
}

@INPROCEEDINGS{marneffe2006lrec,
    author = {Marie-Catherine de Marneffe and Bill MacCartney and Christopher D. Manning},
    title = {{Generating typed dependency parses from phrase structure parses}},
    booktitle = {IN PROC. INT’L CONF. ON LANGUAGE RESOURCES AND EVALUATION (LREC},
    year = {2006}
}

@MISC{medium2018case,
	author = {{Medium}},
  	title = {{Making a case for letter case}},
  	howpublished = {\url{https://web.archive.org/web/20200530065331/https://medium.com/@jsaito/making-a-case-for-letter-case-19d09f653c98}}
}

@MISC{universal2018universal,
	author = {{Universal Dependencies}},
  	title = {{Universal Dependencies}},
  	howpublished = {\url{https://web.archive.org/web/20200530065331/http://universaldependencies.org}}
}

@MISC{github2018template,
	author = {{Universal Dependencies}},
  	title = {{Creating an issue template for your repository}},
  	howpublished = {\url{https://web.archive.org/web/20200530065331/https://help.github.com/articles/creating-an-issue-template-for-your-repository}}
}


@article{zimmermann2010tse,
author={T. Zimmermann and R. Premraj and N. Bettenburg and S. Just and A. Schroter and C. Weiss},
journal={IEEE Transactions on Software Engineering},
title={{What Makes a Good Bug Report?}},
year={2010}
}

@book{miner2012practical,
  title={{Practical text mining and statistical analysis for non-structured text data applications}},
  author={Miner, Gary},
  year={2012},
  publisher={Academic Press}
}

@MISC{yakusu2018yakusu,
	author = {{Yakusu}},
  	title = {{Yakusu}},
  	howpublished = {\url{https://web.archive.org/web/20200530065331/https://sites.google.com/view/yakusumobile/home}}
}


@MISC{google2018corpus,
	author = {{Google}},
  	title = {{Google News Corpus}},
  	howpublished = {\url{https://web.archive.org/web/20200530065331/https://drive.google.com/file/d/0B7XkCwpI5KDYNlNUTTlSS21pQmM/edit?usp=sharing}}
}

@MISC{moody2018word,
	author = {{Chris Moody}},
  	title = {{A Word is Worth a Thousand Vectors}},
  	howpublished = {\url{https://web.archive.org/web/20200530065331/https://multithreaded.stitchfix.com/blog/2015/03/11/word-is-worth-a-thousand-vectors}}
}

@book{ostrander2012android,
  title={{Android UI Fundamentals: Develop and Design}},
  author={Ostrander, Jason},
  year={2012},
  publisher={Peachpit Press}
}

@MISC{google2018drawer,
	author = {{Google}},
  	title = {{Navigation Drawer}},
  	howpublished = {\url{https://web.archive.org/web/20200530065331/https://developer.android.com/training/implementing-navigation/nav-drawer.html}}
}

@MISC{google2018drawer,
	author = {{Google}},
  	title = {{Navigation Drawer}},
  	howpublished = {\url{https://web.archive.org/web/20200530065331/https://developer.android.com/training/implementing-navigation/nav-drawer.html}}
}

@MISC{github2018github,
	author = {{GitHub}},
  	title = {{GitHub}},
  	howpublished = {\url{https://web.archive.org/web/20200530065331/https://github.com/}},
}

@MISC{wordpress2018wordpress,
	author = {{Google}},
  	title = {{Google Play}},
  	howpublished = {\url{https://web.archive.org/web/20200530065331/https://play.google.com/store/apps/details?id=org.wordpress.android}},
}

@MISC{json2018json,
	author = {{JSON}},
  	title = {{JSON}},
  	howpublished = {\url{https://web.archive.org/web/20200530065331/https://www.json.org}},
}

@MISC{corenlp2018corenlp,
	author = {{Stanford}},
  	title = {{CoreNLP}},
  	howpublished = {\url{https://web.archive.org/web/20200530065331/https://stanfordnlp.github.io/CoreNLP/}},
}

@MISC{gensim2018gensim,
	author = {{Gensim}},
  	title = {{Gensim}},
  	howpublished = {\url{https://web.archive.org/web/20200530065331/https://radimrehurek.com/gensim}},
}

@MISC{google2018android,
	author = {{Google}},
  	title = {{Android}},
  	howpublished = {\url{https://web.archive.org/web/20200530065331/https://www.android.com}},
}

@MISC{google2018espresso,
	author = {{Google}},
  	title = {{Espresso}},
  	howpublished = {\url{https://web.archive.org/web/20200530065331/https://developer.android.com/training/testing/espresso/index.html}},
}

@MISC{square2018javapoet,
	author = {{Square}},
  	title = {{JavaPoet}},
  	howpublished = {\url{https://web.archive.org/web/20200530065331/https://github.com/square/javapoet}},
}

@MISC{google2018customviews,
	author = {{Google}},
  	title = {{Custom Views}},
  	howpublished = {\url{https://web.archive.org/web/20200530065331/https://developer.android.com/training/custom-views/index.html}},
}

@INPROCEEDINGS{moreira2013issre,
author={R. M. L. M. Moreira and A. C. R. Paiva and A. Memon},
booktitle={2013 IEEE 24th International Symposium on Software Reliability Engineering (ISSRE)},
title={{A pattern-based approach for GUI modeling and testing}},
year={2013}
}

@INPROCEEDINGS{morgado2015asew,
author={I. C. Morgado and A. C. R. Paiva},
booktitle={2015 30th IEEE/ACM International Conference on Automated Software Engineering Workshop (ASEW)},
title={{Testing Approach for Mobile Applications through Reverse Engineering of UI Patterns}},
year={2015}
}

@INPROCEEDINGS{costa2014quatic,
author={P. Costa and A. C. R. Paiva and M. Nabuco},
booktitle={2014 9th International Conference on the Quality of Information and Communications Technology},
title={{Pattern Based GUI Testing for Mobile Applications}},
year={2014}
}

@INPROCEEDINGS{sacramento2014quatic,
author={C. Sacramento and A. C. R. Paiva},
booktitle={2014 9th International Conference on the Quality of Information and Communications Technology},
title={{Web Application Model Generation through Reverse Engineering and UI Pattern Inferring}},
year={2014}
}

@inproceedings{le2013mobisys,
 author = {Le, Vu and Gulwani, Sumit and Su, Zhendong},
 title = {{SmartSynth: Synthesizing Smartphone Automation Scripts from Natural Language}},
 booktitle = {Proceeding of the 11th Annual International Conference on Mobile Systems, Applications, and Services},
 year = {2013}
}

@inproceedings{raghothaman2016icse,
 author = {Raghothaman, Mukund and Wei, Yi and Hamadi, Youssef},
 title = {{SWIM: Synthesizing What I Mean: Code Search and Idiomatic Snippet Synthesis}},
 booktitle = {Proceedings of the 38th International Conference on Software Engineering},
 year = {2016}
}

@inproceedings{gvero2015oopsla,
 author = {Gvero, Tihomir and Kuncak, Viktor},
 title = {{Synthesizing Java Expressions from Free-form Queries}},
 booktitle = {Proceedings of the 2015 ACM SIGPLAN International Conference on Object-Oriented Programming, Systems, Languages, and Applications},
 year = {2015}
}

@inproceedings{desai2016icse,
 author = {Desai, Aditya and Gulwani, Sumit and Hingorani, Vineet and Jain, Nidhi and Karkare, Amey and Marron, Mark and R, Sailesh and Roy, Subhajit},
 title = {{Program Synthesis Using Natural Language}},
 booktitle = {Proceedings of the 38th International Conference on Software Engineering},
 year = {2016}
}

@inproceedings{thummalapenta2012icse,
 author = {Thummalapenta, Suresh and Sinha, Saurabh and Singhania, Nimit and Chandra, Satish},
 title = {{Automating Test Automation}},
 booktitle = {Proceedings of the 34th International Conference on Software Engineering},
 year = {2012}
}

@Article{land2016ase,
author={Landh{\"a}u{\ss}er, Mathias and Weigelt, Sebastian and Tichy, Walter F.},
title={{NLCI: a natural language command interpreter}},
journal={Automated Software Engineering},
year={2016},
}

@inproceedings{manshadi2013aaai,
  title={{Integrating Programming by Example and Natural Language Programming}},
  author={Manshadi, Mehdi Hafezi and Gildea, Daniel and Allen, James F},
  booktitle={AAAI},
  year={2013}
}

@inproceedings{carlos2011natural,
  title={{Natural language programming using class sequential rules}},
  author={Carlos, Cohan Sujay},
  booktitle={Proceedings of 5th International Joint Conference on Natural Language Processing},
  year={2011}
}

@inproceedings{cozzie2011hotos,
  title={{Macho: Programming with Man Pages}},
  author={Cozzie, Anthony and Finnicum, Murph and King, Samuel T},
  booktitle={{HotOS}},
  year={2011}
}

@inproceedings{vadas2005programming,
  title={{Programming with unrestricted natural language}},
  author={Vadas, David and Curran, James R},
  booktitle={Proceedings of the Australasian Language Technology Workshop 2005},
  year={2005}
}

@inproceedings{goffi2016automatic,
  title={{Automatic generation of oracles for exceptional behaviors}},
  author={Goffi, Alberto and Gorla, Alessandra and Ernst, Michael D and Pezz{\`e}, Mauro},
  booktitle={Proceedings of the 25th International Symposium on Software Testing and Analysis},
  year={2016},
}

@inproceedings{jensen2015icst,
  title={{Test generation from business rules}},
  author={Jensen, Simon Holm and Thummalapenta, Suresh and Sinha, Saurabh and Chandra, Satish},
  booktitle={Software Testing, Verification and Validation (ICST), 2015 IEEE 8th International Conference on},
  year={2015}
}

@inproceedings{branavan2009afnlp,
  title={{Reinforcement learning for mapping instructions to actions}},
  author={Branavan, Satchuthananthavale RK and Chen, Harr and Zettlemoyer, Luke S and Barzilay, Regina},
  booktitle={Proceedings of the Joint Conference of the 47th Annual Meeting of the ACL and the 4th International Joint Conference on Natural Language Processing of the AFNLP: Volume 1-Volume 1},
  year={2009}
}

@inproceedings{avdiienko2017detecting,
  title={{Detecting behavior anomalies in graphical user interfaces}},
  author={Avdiienko, Vitalii and Kuznetsov, Konstantin and Rommelfanger, Isabelle and Rau, Andreas and Gorla, Alessandra and Zeller, Andreas},
  booktitle={Software Engineering Companion (ICSE-C), 2017 IEEE/ACM 39th International Conference on},
  year={2017}
}

@inproceedings{huang2015supor,
  title={{SUPOR: Precise and Scalable Sensitive User Input Detection for Android Apps.}},
  author={Huang, Jianjun and Li, Zhichun and Xiao, Xusheng and Wu, Zhenyu and Lu, Kangjie and Zhang, Xiangyu and Jiang, Guofei},
  booktitle={USENIX Security Symposium},
  year={2015}
}

@inproceedings{huang2016detecting,
  title={{Detecting sensitive data disclosure via bi-directional text correlation analysis}},
  author={Huang, Jianjun and Zhang, Xiangyu and Tan, Lin},
  booktitle={Proceedings of the 2016 24th ACM SIGSOFT International Symposium on Foundations of Software Engineering},
  year={2016}
}

@inproceedings{nan2015uipicker,
  title={{UIPicker: User-Input Privacy Identification in Mobile Applications.}},
  author={Nan, Yuhong and Yang, Min and Yang, Zhemin and Zhou, Shunfan and Gu, Guofei and Wang, XiaoFeng},
  booktitle={USENIX Security Symposium},
  year={2015}
}

@inproceedings{lau2009interpreting,
  title={{Interpreting Written How-To Instructions.}},
  author={Lau, Tessa A and Drews, Clemens and Nichols, Jeffrey},
  booktitle={IJCAI},
  year={2009}
}

@MISC{wordpress2018issue5497,
	author = {{GitHub}},
  	title = {{WordPress Issues}},
  	howpublished = {\url{https://github.com/wordpress-mobile/WordPress-Android/issues/5497}},
}

@inproceedings{jin2012bugredux,
  title={{BugRedux: reproducing field failures for in-house debugging}},
  author={Jin, Wei and Orso, Alessandro},
  booktitle={Software Engineering (ICSE), 2012 34th International Conference on},
  year={2012}
}

@inproceedings{nayrolles2015jcharming,
  title={{JCHARMING: A bug reproduction approach using crash traces and directed model checking}},
  author={Nayrolles, Mathieu and Hamou-Lhadj, Abdelwahab and Tahar, Sofi{\`e}ne and Larsson, Alf},
  booktitle={International Conference on Software Analysis, Evolution and Reengineering (SANER)},
  year={2015}
}

@inproceedings{jin2013f3,
  title={{F3: fault localization for field failures}},
  author={Jin, Wei and Orso, Alessandro},
  booktitle={Proceedings of the 2013 International Symposium on Software Testing and Analysis},
  year={2013}
}

@inproceedings{zuddas2014mimic,
  title={{MIMIC: locating and understanding bugs by analyzing mimicked executions}},
  author={Zuddas, Daniele and Jin, Wei and Pastore, Fabrizio and Mariani, Leonardo and Orso, Alessandro},
  booktitle={Proceedings of the 29th ACM/IEEE International Conference on Automated Software Engineering (ASE)},
  year={2014}
}

@inproceedings{narayanasamy2005bugnet,
  title={{Bugnet: Continuously recording program execution for deterministic replay debugging}},
  author={Narayanasamy, Satish and Pokam, Gilles and Calder, Brad},
  booktitle={ACM SIGARCH Computer Architecture News},
  year={2005}
}

@inproceedings{artzi2008recrash,
  title={{Recrash: Making software failures reproducible by preserving object states}},
  author={Artzi, Shay and Kim, Sunghun and Ernst, Michael D},
  booktitle={European conference on object-oriented programming},
  year={2008}
}

@inproceedings{steven2000jrapture,
 author = {Steven, John and Chandra, Pravir and Fleck, Bob and Podgurski, Andy},
 title = {{jRapture: A Capture/Replay Tool for Observation-based Testing}},
 booktitle = {Proceedings of the 2000 ACM SIGSOFT International Symposium on Software Testing and Analysis},
 year = {2000}
}

@inproceedings{angeli2015leveraging,
  title={{Leveraging linguistic structure for open domain information extraction}},
  author={Angeli, Gabor and Premkumar, Melvin Jose Johnson and Manning, Christopher D},
  booktitle={Proceedings of the 53rd Annual Meeting of the Association for Computational Linguistics and the 7th International Joint Conference on Natural Language Processing (Volume 1: Long Papers)},
  year={2015}
}

@MISC{chakra2018repo,
	author = {{Microsoft}},
  	title = {{ChakraCore}},
  	howpublished = {\url{https://web.archive.org/web/20200530065331/https://github.com/Microsoft/ChakraCore}},
}

@MISC{v82018repo,
	author = {{Chromium}},
  	title = {{V8 JavaScript Engine}},
  	howpublished = {\url{https://web.archive.org/web/20200530065331/https://chromium.googlesource.com/v8/v8.git}},
}

@MISC{jsc2018repo,
	author = {{WebKit}},
  	title = {{WebKit Project}},
  	howpublished = {\url{https://web.archive.org/web/20200530065331/https://github.com/WebKit/webkit/tree/master/Source/JavaScriptCore}},
}

@MISC{hermes2020repo,
	author = {{Hermes}},
  	title = {{Hermes Project}},
  	howpublished = {\url{https://web.archive.org/web/20200530065331/https://github.com/facebook/hermes/}},
}

@MISC{spidermonkey2018repo,
	author = {{Mozilla}},
  	title = {{SpiderMonkey Project}},
  	howpublished = {\url{https://web.archive.org/web/20200530065331/https://github.com/mozilla/gecko-dev}},
}

@MISC{jerryscript2018repo,
	author = {{JerryScript}},
  	title = {{JerryScript Project}},
  	howpublished = {\url{https://web.archive.org/web/20200530065331/https://github.com/jerryscript-project/jerryscript}},
}

@MISC{xs2018repo,
	author = {{Moddable}},
  	title = {{Moddable Project}},
  	howpublished = {\url{https://web.archive.org/web/20200530065331/https://github.com/Moddable-OpenSource/moddable}},
}

@MISC{rhino2018repo,
	author = {{Mozilla}},
  	title = {{Rhino Project}},
  	howpublished = {\url{https://web.archive.org/web/20200530065331/https://github.com/mozilla/rhino}},
}

@inproceedings{grieco2016quickfuzz,
  title={QuickFuzz: an automatic random fuzzer for common file formats},
  author={Grieco, Gustavo and Ceresa, Mart{\'\i}n and Buiras, Pablo},
  booktitle={Proceedings of the 9th International Symposium on Haskell},
  pages={13--20},
  year={2016},
  organization={ACM}
}

@MISC{oss-fuzz,
	author = {{Google}},
  	title = {{OSS-Fuzz - Continuous Fuzzing for Open Source Software}},
  	howpublished = {\url{https://github.com/google/oss-fuzz}},
}

@inproceedings{kusner2015word,
  title={From word embeddings to document distances},
  author={Kusner, Matt and Sun, Yu and Kolkin, Nicholas and Weinberger, Kilian},
  booktitle={International Conference on Machine Learning},
  pages={957--966},
  year={2015}
}

@inproceedings{icst2020violations,
author = {Miranda, Breno and Lima, Igor and Legunsen, Owolabi and d'Amorim, Marcelo},
title = {Prioritizing Runtime Verification Violations},
booktitle = {Proceedings of the 13th IEEE International Conference on Software Testing, Verification and Validation (ICST)},
year = {2020},
note = {to appear}
}