@ARTICLE{8863940,
  author={V. J. M. {Manès} and H. {Han} and C. {Han} and S. K. {Cha} and M. {Egele} and E. J. {Schwartz} and M. {Woo}},
  journal={IEEE Transactions on Software Engineering}, 
  title={The Art, Science, and Engineering of Fuzzing: A Survey}, 
  year={2019},
  volume={},
  number={},
  pages={1-1}
  }


@inproceedings{Brumley-etal-ss07,
 author = {Brumley, David and Caballero, Juan and Liang, Zhenkai and Newsome, James and Song, Dawn},
 title = {Towards Automatic Discovery of Deviations in Binary Implementations with Applications to Error Detection and Fingerprint Generation},
 booktitle = {Proceedings of 16th USENIX Security Symposium on USENIX Security Symposium},
 series = {SS'07},
 year = {2007},
 isbn = {111-333-5555-77-9},
 location = {Boston, MA},
 pages = {15:1--15:16},
 articleno = {15},
 numpages = {16},
 url = {http://dl.acm.org/citation.cfm?id=1362903.1362918},
 acmid = {1362918},
 publisher = {USENIX Association},
 address = {Berkeley, CA, USA},
}

@inproceedings{Yang-etal-pldi11,
 author = {Yang, Xuejun and Chen, Yang and Eide, Eric and Regehr, John},
 title = {Finding and Understanding Bugs in C Compilers},
 booktitle = {Proceedings of the 32Nd ACM SIGPLAN Conference on Programming Language Design and Implementation},
 series = {PLDI '11},
 year = {2011},
 isbn = {978-1-4503-0663-8},
 location = {San Jose, California, USA},
 pages = {283--294},
 numpages = {12},
 url = {http://doi.acm.org/10.1145/1993498.1993532},
 doi = {10.1145/1993498.1993532},
 acmid = {1993532},
 publisher = {ACM},
 address = {New York, NY, USA},
}

@inproceedings{Argyros-etla-ccs16,
 author = {Argyros, George and Stais, Ioannis and Jana, Suman and Keromytis, Angelos D. and Kiayias, Aggelos},
 title = {SFADiff: Automated Evasion Attacks and Fingerprinting Using Black-box Differential Automata Learning},
 booktitle = {Proceedings of the 2016 ACM SIGSAC Conference on Computer and Communications Security},
 series = {CCS '16},
 year = {2016},
 isbn = {978-1-4503-4139-4},
 location = {Vienna, Austria},
 pages = {1690--1701},
 numpages = {12},
 url = {http://doi.acm.org/10.1145/2976749.2978383},
 doi = {10.1145/2976749.2978383},
 acmid = {2978383},
 publisher = {ACM},
 address = {New York, NY, USA},
}

@inproceedings{Chen-etal-pldi16,
 author = {Chen, Yuting and Su, Ting and Sun, Chengnian and Su, Zhendong and Zhao, Jianjun},
 title = {Coverage-directed Differential Testing of JVM Implementations},
 booktitle = {Proceedings of the 37th ACM SIGPLAN Conference on Programming Language Design and Implementation},
 series = {PLDI '16},
 year = {2016},
 isbn = {978-1-4503-4261-2},
 location = {Santa Barbara, CA, USA},
 pages = {85--99},
 numpages = {15},
 url = {http://doi.acm.org/10.1145/2908080.2908095},
 doi = {10.1145/2908080.2908095},
 acmid = {2908095},
 publisher = {ACM},
 address = {New York, NY, USA},
 keywords = {Differential testing, Java virtual machine, MCMC sampling, fuzz testing},
}

@INPROCEEDINGS{petsios-etal-sp2017,
author={T. Petsios and A. Tang and S. Stolfo and A. D. Keromytis and S. Jana},
booktitle={2017 IEEE Symposium on Security and Privacy (SP)},
title={NEZHA: Efficient Domain-Independent Differential Testing},
year={2017},
volume={},
number={},
pages={615-632},
doi={10.1109/SP.2017.27},
ISSN={},
month={May},}

@inproceedings{Chen-etal-fse2015,
 author = {Chen, Yuting and Su, Zhendong},
 title = {Guided Differential Testing of Certificate Validation in SSL/TLS Implementations},
 booktitle = {Proceedings of the 2015 10th Joint Meeting on Foundations of Software Engineering},
 series = {ESEC/FSE 2015},
 year = {2015},
 isbn = {978-1-4503-3675-8},
 location = {Bergamo, Italy},
 pages = {793--804},
 numpages = {12},
 url = {http://doi.acm.org/10.1145/2786805.2786835},
 doi = {10.1145/2786805.2786835},
 acmid = {2786835},
 publisher = {ACM},
 address = {New York, NY, USA},
 keywords = {Differential testing, certificate validation, mutation},
}

@inproceedings{SivakornAPKJ17,
  author    = {Suphannee Sivakorn and
               George Argyros and
               Kexin Pei and
               Angelos D. Keromytis and
               Suman Jana},
  title     = {HVLearn: Automated Black-Box Analysis of Hostname Verification in
               {SSL/TLS} Implementations},
  booktitle = {2017 {IEEE} Symposium on Security and Privacy, {SP} 2017, San Jose,
               CA, USA, May 22-26, 2017},
  pages     = {521--538},
  year      = {2017},
  url       = {https://doi.org/10.1109/SP.2017.46},
  doi       = {10.1109/SP.2017.46},
  timestamp = {Tue, 27 Jun 2017 13:01:20 +0200},
  biburl    = {https://dblp.org/rec/bib/conf/sp/SivakornAPKJ17},
  bibsource = {dblp computer science bibliography, https://dblp.org}
}


@ARTICLE{McKeeman98differentialtesting,
    author = {William M. McKeeman},
    title = {Differential Testing for Software},
    journal = {DIGITAL TECHNICAL JOURNAL},
    year = {1998},
    volume = {10},
    number = {1},
    pages = {100--107}
}



@Misc{libFuzzer-chromium-google,
   organization={Google},
   title={Getting Started with libFuzzer at Chromium},
   note={\url{https://web.archive.org/web/20200530065331/https://chromium.googlesource.com/chromium/src/+/master/testing/libfuzzer/getting_started.md}}
}

@Misc{libFuzzer-tutorial-google,
   organization={Google},
   title={libFuzzer Tutorial},
   note={\url{https://web.archive.org/web/20200530065331/https://github.com/google/fuzzer-test-suite/blob/master/tutorial/libFuzzerTutorial.md}}
}


@Misc{lithium,
   organization={Mozilla},
   title={Lithium},
   note={\url{https://web.archive.org/web/20200530065331/https://github.com/MozillaSecurity/lithium}}
}

@Misc{fuzz-testing-history,
   author={Barton P. Miller},
   institution={UW-Madison},
   title={Fuzz Testing},
   note={\url{https://web.archive.org/web/20200530065331/http://pages.cs.wisc.edu/~bart/fuzz/}}
}

@Misc{webassembly,
   author={},
   title={WebAssembly},
   note={\url{https://web.archive.org/web/20200530065331/https://webassembly.org/}}
}

@Misc{grammarinator,
   author={Renata Hodovan},
   title={Grammarinator},
   note={\url{https://web.archive.org/web/20200530065331/https://github.com/renatahodovan/grammarinator}}
}

@Misc{jsfunfuzz,
   author={Mozilla},
   title={jsfunfuzz},
   note={\url{https://web.archive.org/web/20200530065331/https://github.com/MozillaSecurity/funfuzz/tree/master/src/funfuzz/js/jsfunfuzz}}
}

@Misc{honggfuzz,
   author={Google},
   title={HonggFuzz},
   note={\url{https://web.archive.org/web/20200530065331/https://github.com/google/honggfuzz}}
}

@Misc{afl,
   author={},
   title={American Fuzz Loop},
   note={\url{https://web.archive.org/web/20200530065331/http://lcamtuf.coredump.cx/afl/}}
}

@Misc{libfuzzer,
   author={},
   title={LibFuzzer},
   note={\url{https://web.archive.org/web/20200530065331/https://llvm.org/docs/LibFuzzer.html}}
}

@Misc{radamsa,
   author={Aki Helin},
   title={Radamsa Fuzzer},
   note={\url{https://web.archive.org/web/20200530065331/https://github.com/aoh/radamsa}}
}

@Misc{quickfuzz,
   author={Centro Internacional Franco Argentino de Ciencias de la Información y de Sistemas},
   title={QuickFuzz},
   note={\url{https://web.archive.org/web/20200530065331/http://quickfuzz.org/}}
}


@Misc{business-insider,
   author={Business Insider},
   title={The 15 most popular programming languages, according to the 'Facebook for programmers'},
   note={\url{https://web.archive.org/web/20200530065331/https://read.bi/2M66z0R}}
}

@Misc{stackify,
   author={Stackify},
   title={Most Popular and Influential Programming Languages of 2018},
   note={\url{https://web.archive.org/web/20200530065331/https://stackify.com/popular-programming-languages-2018/}}
}

@Misc{kangax,
   author={Kangax},
   title={ECMAScript6 compatibility},
   note={\url{https://web.archive.org/web/20200530065331/http://kangax.github.io/compat-table/es6/}}
}


@Misc{es6-features,
   author={},
   title={ECMAScript6 New Features},
   note={\url{https://web.archive.org/web/20200530065331/http://es6-features.org}}
}

@techreport{patra2016learning,
  title={Learning to fuzz: Application-independent fuzz testing with probabilistic, generative models of input data},
  author={Patra, Jibesh and Pradel, Michael},
  month={Nov},
  year={2016},
  institution={TU Darmstadt, Department of Computer Science}
}
@article{maddox-2015-acmqueue,
 author = {Maddox, Philip},
 title = {Testing a Distributed System},
 journal = {Queue},
 issue_date = {July 2015},
 volume = {13},
 number = {7},
 month = jul,
 year = {2015},
 issn = {1542-7730},
 pages = {10:10--10:15},
 articleno = {10},
 numpages = {6},
 url = {http://doi.acm.org/10.1145/2800695.2800697},
 doi = {10.1145/2800695.2800697},
 acmid = {2800697},
 publisher = {ACM},
 address = {New York, NY, USA},
}


@inproceedings{scott-etal-nsdi2015,
 author = {C. Scott and A. Panda and V. Brajkovic and G. Necula and A.
   Krishnamurthy and S. Shenker},
 title = {Minimizing Faulty Executions of Distributed Systems},
 series = {NSDI '16},
 year = {2016}
}

@inproceedings{lauterburg-etal-fse2010,
 author = {Lauterburg, Steven and Karmani, Rajesh K. and Marinov, Darko and Agha, Gul},
 title = {Basset: A Tool for Systematic Testing of Actor Programs},
 booktitle = {FSE},
 series = {FSE '10},
 year = {2010},
 isbn = {978-1-60558-791-2},
 location = {Santa Fe, New Mexico, USA},
 pages = {363--364},
 numpages = {2},
 url = {http://doi.acm.org/10.1145/1882291.1882349},
 doi = {10.1145/1882291.1882349},
 acmid = {1882349},
 publisher = {ACM},
 address = {New York, NY, USA},
 keywords = {actors, jpf, scala, state-space exploration},
}


@inproceedings{mattern-virtual-time89,
    author = "Friedemann Mattern",
    editor = "Cosnard M. et al.",
    title = "Virtual Time and Global States of Distributed Systems",
    booktitle = "Proc. Workshop on Parallel and Distributed Algorithms",
    year = "1989",
    pages = "215--226",
    address = "North-Holland / Elsevier",
    note = {(Reprinted in: Z. Yang, T.A. Marsland (Eds.), "Global States and Time in Distributed Systems", IEEE, 1994, pp. 123-133.)}
}

@article{nie-leung-acm-surveys2011,
 author = {Nie, Changhai and Leung, Hareton},
 title = {A Survey of Combinatorial Testing},
 journal = {ACM Comput. Surv.},
 issue_date = {January 2011},
 volume = {43},
 number = {2},
 month = feb,
 year = {2011},
 issn = {0360-0300},
 pages = {11:1--11:29},
 articleno = {11},
 numpages = {29},
 url = {http://doi.acm.org/10.1145/1883612.1883618},
 doi = {10.1145/1883612.1883618},
 acmid = {1883618},
 publisher = {ACM},
 address = {New York, NY, USA},
 keywords = {Software testing, combinatorial testing (CT), covering array, test case generation},
}

@article{souto-damorim-jss2017,
 author = {Sabrina Souto and Marcelo d'Amorim},
 title = {Time-Space Efficient Regression Testing for Configurable Software},
 journal = {Journal of Systems and Software},
 note = {To Appear}
}

@inproceedings{souto-etal-icse2017,
  author    = {Sabrina Souto and
               Marcelo d'Amorim and
               Rohit Gheyi},
  title     = {Balancing soundness and efficiency for practical testing of configurable
               systems},
  booktitle = {ICSE},
  pages     = {632--642},
  year      = {2017},
  url       = {https://doi.org/10.1109/ICSE.2017.64},
  doi       = {10.1109/ICSE.2017.64},
  timestamp = {Thu, 07 Sep 2017 09:27:12 +0200},
  biburl    = {http://dblp.uni-trier.de/rec/bib/conf/icse/SoutodG17},
  bibsource = {dblp computer science bibliography, http://dblp.org}
}

@inproceedings{souto-etal-splc2015,
  author    = {Sabrina Souto and
               Divya Gopinath and
               Marcelo d'Amorim and
               Darko Marinov and
               Sarfraz Khurshid and
               Don S. Batory},
  title     = {Faster bug detection for software product lines with incomplete feature
               models},
  booktitle = {Proceedings of the 19th International Conference on Software Product
               Line, {SPLC} 2015, Nashville, TN, USA, July 20-24, 2015},
  pages     = {151--160},
  year      = {2015},
  url       = {http://doi.acm.org/10.1145/2791060.2791093},
  doi       = {10.1145/2791060.2791093},
  timestamp = {Fri, 14 Aug 2015 10:03:25 +0200},
  biburl    = {http://dblp.uni-trier.de/rec/bib/conf/splc/SoutoGdMKB15},
  bibsource = {dblp computer science bibliography, http://dblp.org}
}

@inproceedings{kim-etal-fse2013,
  author    = {Chang Hwan Peter Kim and
               Darko Marinov and
               Sarfraz Khurshid and
               Don S. Batory and
               Sabrina Souto and
               Paulo Barros and
               Marcelo d'Amorim},
  title     = {SPLat: lightweight dynamic analysis for reducing combinatorics in
               testing configurable systems},
  booktitle = {FSE},
  pages     = {257--267},
  year      = {2013},
  url       = {http://doi.acm.org/10.1145/2491411.2491459},
  doi       = {10.1145/2491411.2491459},
  timestamp = {Sat, 31 Aug 2013 17:43:06 +0200},
  biburl    = {http://dblp.uni-trier.de/rec/bib/conf/sigsoft/KimMKBSBd13},
  bibsource = {dblp computer science bibliography, http://dblp.org}
}

@inproceedings{killian-etal-nsdi07,
 author = {Killian, Charles and Anderson, James W. and Jhala, Ranjit and Vahdat, Amin},
 title = {Life, Death, and the Critical Transition: Finding Liveness Bugs in Systems Code},
 booktitle = {NSDI},
 series = {NSDI'07},
 year = {2007},
 location = {Cambridge, MA},
 pages = {18--18},
 numpages = {1},
 url = {http://dl.acm.org/citation.cfm?id=1973430.1973448},
 acmid = {1973448},
 publisher = {USENIX Association},
 address = {Berkeley, CA, USA},
}


@inproceedings{yang-etal-nsdi09,
 author = {Yang, Junfeng and Chen, Tisheng and Wu, Ming and Xu, Zhilei and Liu, Xuezheng and Lin, Haoxiang and Yang, Mao and Long, Fan and Zhang, Lintao and Zhou, Lidong},
 title = {MODIST: Transparent Model Checking of Unmodified Distributed Systems},
 booktitle = {Proceedings of the 6th USENIX Symposium on Networked Systems Design and Implementation},
 series = {NSDI'09},
 year = {2009},
 location = {Boston, Massachusetts},
 pages = {213--228},
 numpages = {16},
 url = {http://dl.acm.org/citation.cfm?id=1558977.1558992},
 acmid = {1558992},
 publisher = {USENIX Association},
 address = {Berkeley, CA, USA},
}


@inproceedings{d3s-debugging-deployed-distributed-systems,
author = {Liu, Xuezheng and Guo, Zhenyu and Wang, Xi and Chen, Feibo and Lian, Xiaochen and Tang, Jian and Wu, Ming and Kaashoek, M. Frans and Zhang, Zheng},
title = {D3S: Debugging Deployed Distributed Systems},
booktitle = {},
year = {2008},
month = {February},
publisher = {NSDI},
url = {https://www.microsoft.com/en-us/research/publication/d3s-debugging-deployed-distributed-systems/},
address = {},
pages = {},
journal = {},
volume = {},
chapter = {},
isbn = {},
}

@inproceedings {geels-usenix2007,
author = {Dennis Geels and Gautam Altekar and Petros Maniatis and Timothy Roscoe and Ion Stoica},
title = {Friday: Global Comprehension for Distributed Replay },
booktitle = {NSDI},
year = {2007},
address = {Cambridge, MA},
url = {https://www.usenix.org/conference/nsdi-07/friday-global-comprehension-distributed-replay},
publisher = {{USENIX} Association},
}

@inproceedings{xu-etal-slam10,
 author = {Xu, Wei and Huang, Ling and Fox, Armando and Patterson, David and Jordan, Michael},
 title = {{Experience Mining Google's Production Console Logs}},
 booktitle = {Proceedings of the 2010 Workshop on Managing Systems via Log Analysis and Machine Learning Techniques},
 series = {SLAML'10},
 year = {2010},
 location = {Vancouver, BC, Canada},
 pages = {5--5},
 numpages = {1},
 url = {http://dl.acm.org/citation.cfm?id=1928991.1928999},
 acmid = {1928999},
 publisher = {USENIX Association},
 address = {Berkeley, CA, USA},
}

@inproceedings {corbett-etal-osdi2012,
author = {James C. Corbett and Jeffrey Dean and Michael Epstein and Andrew Fikes and Christopher Frost and JJ Furman and Sanjay Ghemawat and Andrey Gubarev and Christopher Heiser and Peter Hochschild and Wilson Hsieh and Sebastian Kanthak and Eugene Kogan and Hongyi Li and Alexander Lloyd and Sergey Melnik and David Mwaura and David Nagle and Sean Quinlan and Rajesh Rao and Lindsay Rolig and Yasushi Saito and Michal Szymaniak and Christopher Taylor and Ruth Wang and Dale Woodford},
title = {Spanner: Google{\textquoteright}s Globally-Distributed Database},
booktitle = {OSDI},
year = {2012},
isbn = {978-1-931971-96-6},
address = {Hollywood, CA},
pages = {261--264},
url = {https://www.usenix.org/conference/osdi12/technical-sessions/presentation/corbett},
publisher = {{USENIX} Association},
}

@article{wang-etal-sigops2013,
 author = {Wang, Chengwel and Kavulya, Soila P. and Tan, Jiaqi and Hu, Liting and Kutare, Mahendra and Kasick, Mike and Schwan, Karsten and Narasimhan, Priya and Gandhi, Rajeev},
 title = {Performance Troubleshooting in Data Centers: An Annotated Bibliography?},
 journal = {SIGOPS Oper. Syst. Rev.},
 issue_date = {December 2013},
 volume = {47},
 number = {3},
 month = nov,
 year = {2013},
 issn = {0163-5980},
 pages = {50--62},
 numpages = {13},
 url = {http://doi.acm.org/10.1145/2553070.2553079},
 doi = {10.1145/2553070.2553079},
 acmid = {2553079},
 publisher = {ACM},
 address = {New York, NY, USA},
}

@inproceedings {weiss-etal-ase2017,
author = {Aaron Weiss and Arjun Guha and Yuriy Brun},
title = {Tortoise: Interactive System Configuration Repair},
booktitle = {Automated Software Engineering},
year = {2017},
address = {Urbana, IL}
}

@inproceedings{yin-etal-sosp2011,
 author = {Yin, Zuoning and Ma, Xiao and Zheng, Jing and Zhou, Yuanyuan and Bairavasundaram, Lakshmi N. and Pasupathy, Shankar},
 title = {An Empirical Study on Configuration Errors in Commercial and Open Source Systems},
 booktitle = {Proceedings of the Twenty-Third ACM Symposium on Operating Systems Principles},
 series = {SOSP '11},
 year = {2011},
 isbn = {978-1-4503-0977-6},
 location = {Cascais, Portugal},
 pages = {159--172},
 numpages = {14},
 url = {http://doi.acm.org/10.1145/2043556.2043572},
 doi = {10.1145/2043556.2043572},
 acmid = {2043572},
 publisher = {ACM},
 address = {New York, NY, USA},
 keywords = {characteristic study, misconfigurations},
}

@inproceedings {mace-etal-usenix2016,
author = {Jonathan Mace and Ryan Roelke and Rodrigo Fonseca},
title = {Pivot Tracing: Dynamic Causal Monitoring for Distributed Systems},
booktitle = {USENIX},
year = {2016},
address = {Denver, CO},
url = {https://www.usenix.org/conference/atc16/technical-sessions/presentation/mace},
publisher = {{USENIX} Association},
}

@Misc{open-networking,
   author={Open Networking Foundation},
   title={ONF OpenFlow website},
   note={\url{https://web.archive.org/web/20200530065331/https://www.opennetworking.org/}}
}

@Misc{spring-cloud,
   author={Spring},
   title={Spring Cloud},
   note={\url{https://web.archive.org/web/20200530065331/http://cloud.spring.io}}
}

@Misc{spring-cloud-config,
   author={Spring},
   title={Spring Cloud Config},
   note={\url{https://web.archive.org/web/20200530065331/http://cloud.spring.io/spring-cloud-config/}}
}

@Misc{apache-zookeeper,
   author={Apache},
   title={Apache Zookeeper},
   note={\url{https://web.archive.org/web/20200530065331/https://zookeeper.apache.org/}}
}



@Misc{docker,
   author={},
   title={Docker},
   note={\url{https://web.archive.org/web/20200530065331/https://www.docker.com/}}
}

@Misc{iotivity-overview,
   author={Open Connectivity Foundation (OCF)},
   title={IoTivity Architecture Overview},
   note={\url{https://web.archive.org/web/20200530065331/https://www.iotivity.org/documentation/architecture-overview}}
}

@Misc{pamela-zave-feature-interaction,
   author={Pamela Zave},
   title={About Feature Interaction.},
   note={\url{https://web.archive.org/web/20200530065331/http://www.research.att.com/people/Zave_Pamela/custom/fi.html}}
}

@inproceedings{beschastnikh-etal-icse2014,
  author = {Beschastnikh, Ivan and Brun, Yuriy and Ernst, Michael D. and Krishnamurthy, Arvind},
  title = {Inferring Models of Concurrent Systems from Logs of Their Behavior with CSight},
  booktitle = {ICSE},
  year = {2014},
  pages = {468--479},
}

@book{Alpaydin:2010:IML:1734076,
 author = {Alpaydin, Ethem},
  title = {Introduction to Machine Learning},
   year = {2010},
    isbn = {026201243X, 9780262012430},
     edition = {2nd},
      publisher = {The MIT Press},
      }


@article{BeschastnikhWBE2016,
   author = {Ivan Beschastnikh and Patty Wang and Yuriy Brun and Michael Ernst},
   title = {Debugging distributed systems: Challenges and options for validation and debugging},
   journal = {ACM Queue},
   volume = {14},
   number = {2},
   pages = {91-110},
   month = {March/April},
   year = {2016}
}


@techreport{sambasian-etal-techreport2014,
title = {So, you want to trace your distributed system? Key design insights from years of practical experience},
author  = {Sambasivan, R.R. and Fonseca, R. and Shafer, I. and Ganger, G},
year  = 2014,
URL = {http://www.pdl.cmu.edu/PDL-FTP/SelfStar/CMU-PDL-14-102.pdf},
institution = {Carnegie Mellon University}
}


@techreport{dapper-google-tr2010,
title = {Dapper, a Large-Scale Distributed Systems Tracing Infrastructure},
author  = {Benjamin H. Sigelman and Luiz André Barroso and Mike Burrows and Pat Stephenson and Manoj Plakal and Donald Beaver and Saul Jaspan and Chandan Shanbhag},
year  = 2010,
URL = {http://research.google.com/archive/papers/dapper-2010-1.pdf},
institution = {Google, Inc.}
}

@inproceedings{jin-orso-icse2012,
 author = {Jin, Wei and Orso, Alessandro},
 title = {BugRedux: Reproducing Field Failures for In-house Debugging},
 booktitle = {ICSE},
 year = {2012},
 pages = {474--484},
}

@Misc{shiviz-web,
   author={},
   title={ShiViz},
   note={\url{https://web.archive.org/web/20200530065331/http://bestchai.bitbucket.org/shiviz/}}
}


@Misc{matt-welsh-blog,
   author={Matt Welsh},
   title={Volatile and Decentralized},
   note={\url{https://web.archive.org/web/20200530065331/http://matt-welsh.blogspot.com/2013/05/what-i-wish-systems-researchers-would.html}}
}

@Misc{azure-error,
   author={},
   title={Configuration error brings down the Azure cloud platform.},
   note={\url{https://web.archive.org/web/20200530065331/http://www.evolven.com/blog/configuration-error-brings-down-the-azure-cloud-platform.html}}
}

@Misc{facebook-error,
   author={Robert Johnson},
   title={ More details on today’s outage.},
   note={\url{https://web.archive.org/web/20200530065331/https://www.facebook.com/notes/facebook-engineering/more-details-on-todaysoutage/431441338919}}
}

@Misc{dns-misconfiguration,
   author={},
   title={DNS misconfiguration.},
   note={\url{https://web.archive.org/web/20200530065331/http://www.circleid.com/posts/misconfiguration_brings_down_entire_se_domain_in_sweden}}
}

@Misc{firefox-web,
  author	= {{Firefox Web browser}},
  title		= {},
  note		= {\url{https://web.archive.org/web/20200530065331/http://hg.mozilla.org}}
}

@Misc{jgit,
  author	= {{JGit}},
  title		= {Java library implementing the Git version control system.},
  note		= {\url{https://web.archive.org/web/20200530065331/https://eclipse.org/jgit/}}
}

@Misc{linux-kernel-web,
  author	= {{Linux kernel}},
  title		= {},
  note		= {\url{https://web.archive.org/web/20200530065331/http://www.kernel.org}}
}

@Misc{gcc-web,
  author	= {{GCC} compiler infrastructure},
  title		= {},
  note		= {\url{https://web.archive.org/web/20200530065331/http://gcc.gnu.org}}
}

@Misc{groupon-web,
  author	= {{Groupon}},
  title		= {A global e-commerce marketplace},
  note		= {\url{https://web.archive.org/web/20200530065331/http://groupon.com}}
}

@inproceedings{zhang-ernst-icse2014,
author = {Zhang, Sai and Ernst, Michael D.},
 title = {{W}hich {C}onfiguration {O}ption {S}hould {I} {C}hange?},
 booktitle = {Proceedings of the 36th International Conference on Software Engineering},
 series = {ICSE 2014},
 year = {2014},
 pages = {152--163}
}


@inproceedings{zhang-ernst-icse2013,
author = {Zhang, Sai and Ernst, Michael D.},
 title = {{A}utomated {D}iagnosis of {S}oftware {C}onfiguration {E}rrors},
 booktitle = {ICSE},
 year = {2013},
 pages = {312--321}
}

@inproceedings{cohen:issta07,
 author = {Cohen, Myra B. and Dwyer, Matthew B. and Shi, Jiangfan},
 title = {Interaction testing of highly-configurable systems in the presence of constraints},
 booktitle = {ISSTA},
 year = {2007},
 pages = {129--139}
 }


@inproceedings{emine-etal-issta2011,
 author = {Dumlu, Emine and Yilmaz, Cemal and Cohen, Myra B. and Porter, Adam},
 title = {Feedback driven adaptive combinatorial testing},
 booktitle = {ISSTA},
 year = {2011},
 isbn = {978-1-4503-0562-4},
 pages = {243--253},
 numpages = {11},
}


@inproceedings{cohen-etal-icse2003,
 author = {Cohen, Myra B. and Gibbons, Peter B. and Mugridge, Warwick B. and Colbourn, Charles J.},
 title = {Constructing test suites for interaction testing},
 booktitle = {ICSE},
 year = {2003},
 pages = {38--48},
}


@inproceedings{cohen-shmuelur-icse2010,
  author    = {Myra B. Cohen and
               Shmuel Ur},
  title     = {Combinatorial test design in practice},
  booktitle = {ICSE},
  year      = {2010},
  pages     = {495-496}
}


@inproceedings{medeiros-etal-icse2016,
 author = {Fl\'avio Medeiros and Christian K\"astner and M�rcio Ribeiro and Rohit Gheyi and Sven Apel},
 title = {A Comparison of 10 Sampling Algorithms for Configurable Systems},
 booktitle = {ICSE},
 year = {2016},
 pages = {XXX--YYY}
}

@inproceedings{ribeiro-etal-icse2014,
 author = {Ribeiro, M\'{a}rcio and Borba, Paulo and K\"{a}stner, Christian},
 title = {Feature Maintenance with Emergent Interfaces},
 booktitle = {ICSE},
 year = {2014},
 pages = {989--1000}
}

@inproceedings{kenner-etal-fosd-2010,
 author = {Kenner, Andy and K\"{a}stner, Christian and Haase, Steffen and Leich, Thomas},
 title = {TypeChef: Toward Type Checking \#Ifdef Variability in C},
 booktitle = {FOSD},
 year = {2010},
 pages = {25--32}
}

@InProceedings{spllift,
  author = 	 {Eric Bodden and Mira Mezini and Claus Brabrand and T\'arsis Tol\^edo and M\'arcio Ribeiro and Paulo Borba},
  title = 	 {{SPLlift} - Transparent and Efficient Reuse of {IFDS}-based Static Program Analyses for Software Product Lines},
  booktitle = {PLDI},
  year = 	 {2013}
}

@inproceedings{brabrand-2012,
 author = {Brabrand, Claus and Ribeiro, M\'{a}rcio and Tol\^{e}do, T\'{a}rsis and Borba, Paulo},
 title = {Intraprocedural dataflow analysis for software product lines},
 booktitle = {AOSD},
 year = {2012},
 pages = {13--24}
}

@inproceedings{behrang-etal-fse2015,
 author = {Behrang, Farnaz and Cohen, Myra B. and Orso, Alessandro},
 title = {Users Beware: Preference Inconsistencies Ahead},
 booktitle = {ESEC/FSE},
 year = {2015},
 pages = {295--306}
}

@Misc{android-things-one,
author={Google},
title={Android Things},
note={\url{https://web.archive.org/web/20200530065331/https://developer.android.com/things/index.html}}
}

@Misc{android-things-two,
author={Google},
title={Android Things},
note={\url{https://web.archive.org/web/20200530065331/https://developers.google.com/iot/}}
}

@Misc{daikon-2016,
author={},
title={The Daikon Invariant Detector},
note={\url{https://web.archive.org/web/20200530065331/https://plse.cs.washington.edu/daikon/}}
}

@misc{unary-plus,
author={},
title={Unary Plus - ES6 specifications},
note={\url{https://web.archive.org/web/20200530065331/https://www.ecma-international.org/ecma-262/8.0/index.html#sec-unary-plus-operator}}
}

@misc{valueof,
author={},
title={Object.valueOf documentation},
note={\url{https://web.archive.org/web/20200530065331/https://developer.mozilla.org/en-US/docs/Web/JavaScript/Reference/Global_Objects/Object/ValueOf}}
}

@INPROCEEDINGS{campos-etal-ase2016,
author={J. Campos and R. Abreu and G. Fraser and M. d'Amorim},
booktitle={ASE},
title={Entropy-based test generation for improved fault localization},
year={2013},
pages={257-267},
month={Nov}}

@article{ceri-etal-ieee-tkde-1989,
 author = {Ceri, S. and Gottlob, G. and Tanca, L.},
 title = {What You Always Wanted to Know About Datalog (And Never Dared to Ask)},
 journal = {IEEE Transactions on Knowledge and Data Engineering},
 issue_date = {March 1989},
 volume = {1},
 number = {1},
 month = mar,
 year = {1989},
 pages = {146--166},
 numpages = {21}
}

@inproceedings{yang-2011-finding,
  title={Finding and understanding bugs in C compilers},
  author={Yang, Xuejun and Chen, Yang and Eide, Eric and Regehr, John},
  booktitle={ACM SIGPLAN Notices},
  volume={46},
  number={6},
  pages={283--294},
  year={2011},
  organization={ACM}
}

@inproceedings{holler-2012-fuzzing,
  title={Fuzzing with Code Fragments.},
  author={Holler, Christian and Herzig, Kim and Zeller, Andreas},
  booktitle={USENIX Security Symposium},
  pages={445--458},
  year={2012}
}

@article{hodovan-fuzzinator,
author = {Hodovan, Renata and Kiss, Ákos},
year = {2018},
month = {04},
title = {Fuzzinator: An Open-Source Modular Random Testing Framework}
}

@inproceedings{jeong-2018,
  title={WATT: A novel web-based toolkit to generate WebAssembly-based libraries and applications},
  author={Jeong, Hunseop and Jeong, Jinwoo and Park, Sangyong and Kim, Kwanghyuk},
  booktitle={Consumer Electronics (ICCE), 2018 IEEE International Conference on},
  pages={1--2},
  year={2018},
  organization={IEEE}
}

@inproceedings{watt-2018,
 author = {Watt, Conrad},
 title = {Mechanising and Verifying the WebAssembly Specification},
 booktitle = {Proceedings of the 7th ACM SIGPLAN International Conference on Certified Programs and Proofs},
 series = {CPP 2018},
 year = {2018},
 isbn = {978-1-4503-5586-5},
 location = {Los Angeles, CA, USA},
 pages = {53--65},
 numpages = {13},
 url = {http://doi.acm.org/10.1145/3167082},
 doi = {10.1145/3167082},
 acmid = {3167082},
 publisher = {ACM},
 address = {New York, NY, USA},
 keywords = {bytecode, reduction, soundness, stack machine},
}

@inproceedings{reiser-2017,
 author = {Reiser, Micha and Bl\"{a}ser, Luc},
 title = {Accelerate JavaScript Applications by Cross-compiling to WebAssembly},
 booktitle = {Proceedings of the 9th ACM SIGPLAN International Workshop on Virtual Machines and Intermediate Languages},
 series = {VMIL 2017},
 year = {2017},
 isbn = {978-1-4503-5519-3},
 location = {Vancouver, BC, Canada},
 pages = {10--17},
 numpages = {8},
 url = {http://doi.acm.org/10.1145/3141871.3141873},
 doi = {10.1145/3141871.3141873},
 acmid = {3141873},
 publisher = {ACM},
 address = {New York, NY, USA},
 keywords = {Cross-Compilation, JavaScript, LLVM, Optimization, TypeScript, WebAssembly},
}

@inproceedings{haas-2017,
 author = {Haas, Andreas and Rossberg, Andreas and Schuff, Derek L. and Titzer, Ben L. and Holman, Michael and Gohman, Dan and Wagner, Luke and Zakai, Alon and Bastien, JF},
 title = {Bringing the Web Up to Speed with WebAssembly},
 booktitle = {Proceedings of the 38th ACM SIGPLAN Conference on Programming Language Design and Implementation},
 series = {PLDI 2017},
 year = {2017},
 isbn = {978-1-4503-4988-8},
 location = {Barcelona, Spain},
 pages = {185--200},
 numpages = {16},
 url = {http://doi.acm.org/10.1145/3062341.3062363},
 doi = {10.1145/3062341.3062363},
 acmid = {3062363},
 publisher = {ACM},
 address = {New York, NY, USA},
 keywords = {assembly languages, just-in-time compilers, programming languages, type systems, virtual machines},
}
